3274 5078
301 347 342 410 26
777 371 941 414 1111111111

300 535 344 596 Aa
367 545 470 598 tamen
487 537 593 598 dubito
618 539 658 598 de
681 559 718 598 co
742 559 798 597 usu
820 541 958 617 genetivi
975 543 1059 601 cuius
1075 543 1230 620 geminum
1246 543 1419 622 exemplum

303 641 456 703 desidero.
494 645 605 724 Itaque
621 645 695 703 mihi
711 643 855 703 librorum
870 647 1046 706 memoriam
1062 648 1272 708 consideranti
1289 656 1319 705 et
1335 647 1418 726 quod

302 750 478 808 sententiae
501 752 668 809 conveniat
691 750 947 829 circumspicienti
963 751 1072 811 incidit
1092 753 1224 832 suspicio
1243 753 1282 814 de
1298 754 1432 814 lacuna..

303 856 354 916 Sic
377 857 458 914 enim
480 842 626 934 puteb'am
648 856 821 915 Varronem
843 856 1001 935 scripsisse

459 987 569 1043 Viscrim
589 983 687 1058 sapum
708 983 839 1056 [arcens]
861 983 1013 1072 lineamque
1034 988 1205 1060 compedum.

302 1120 366 1180 Sed
388 1140 451 1180 une
473 1128 569 1180 restat
592 1111 741 1179 dubitatio
766 1117 806 1176 de
828 1127 941 1177 metro:
972 1091 1042 1178 cuni
1060 1122 1275 1180 Lachmannus
1303 1121 1335 1179 in
1358 1121 1418 1179 Lu·

302 1228 395 1286 cretio
419 1247 450 1308 p.
475 1235 534 1288 199.
578 1226 750 1285 Varronem
771 1224 855 1281 inter
878 1244 930 1282 eos
953 1231 1061 1302 poetas
1084 1235 1261 1299 recenseat,
1293 1227 1345 1305 qui
1368 1225 1418 1282 ‘ab

302 1333 432 1393 elisione
454 1329 671 1390 vocabulorum
693 1329 893 1388 'iambicorum
916 1331 1040 1389 omnino
1065 1330 1293 1390 abstinuerint?
1330 1331 1418 1390 Atta-

300 1457 372 1496 men
402 1457 496 1496 unum
525 1437 593 1514 ipse
620 1435 837 1494 Lachmannus
869 1438 991 1514 excepit
1021 1439 1193 1516 exemplum
1219 1440 1252 1496 in
1282 1438 1417 1496 Sotadeo
1472 1509 1479 1523 ·

301 1549 365 1620 equi
384 1541 527 1601 hinniunt:
557 1541 595 1599 cf.
619 1541 821 1632 coniectanea
844 1564 874 1622 p.
898 1551 940 1604 25.
985 1541 1069 1620 Quid
1096 1544 1188 1619 igitur
1211 1546 1236 1602 si
1264 1544 1362 1603 Varro
1386 1543 1418 1599 in

301 1650 426 1728 reliquis
457 1668 580 1728 quoque
610 1667 673 1706 non
701 1667 768 1706 eam
796 1649 993 1708 severitatem
1024 1669 1114 1728 quam
1143 1649 1196 1708 illc
1226 1648 1419 1728 praedicavit

303 1757 488 1828 exercuerit,
522 1775 587 1814 cum
616 1755 798 1834 pracsertim
821 1773 884 1814 vox
906 1755 960 1813 ille.
982 1753 1116 1813 'iambica
1139 1775 1202 1814 non
1225 1757 1256 1814 in
1279 1755 1419 1813 vocalem

235 1889 242 1902 ›
290 1859 358 1931 ‚sed
380 1861 413 1920 in
436 1882 462 1918 m
485 1861 618 1919 litteram
643 1860 776 1919 desinat.

385 1967 412 2025 Ε
435 1965 598 2026 Vinalibus
621 1963 690 2045 περὶ
714 1953 899 2050 ἀφροδισίων
923 1968 1005 2046 quod
1027 1969 1147 2027 Nonius
1170 1989 1201 2048 p.
1224 1978 1250 2042 8,
1274 1977 1291 2028 2
1314 1967 1419 2026 citavit

302 2070 506 2147 fragmentum
534 2089 564 2128 ec
594 2077 664 2128 enim
696 2077 736 2129 sic
762 2075 836 2130 vide:
871 2082 963 2130 utrum
992 2077 1143 2132 mercedem
1174 2078 1274 2148 accipit
1301 2078 1339 2144 is,
1359 2055 1421 2146 'qur'

301 2193 378 2234 meus
400 2182 471 2234 venit
491 2182 588 2251 sepelis
610 2187 641 2235 ut
661 2182 779 2249 sarriet,
803 2197 841 2234 cm
863 2195 912 2252 epo
933 2182 968 2236 ab
990 2183 1053 2236 illo?
1084 2181 1130 2236 Sic
1151 2197 1199 2254 eqo
1222 2197 1283 2236 cum
1305 2187 1348 2235 tus
1369 2181 1419 2234 sim

301 2289 411 2353 sartor,
433 2286 459 2339 si
479 2289 507 2340 ta
527 2287 591 2356 plus
614 2285 739 2349 lectores,
768 2303 852 2358 queam
874 2302 922 2358 epo
950 2287 984 2343 do
1013 2287 1046 2343 in
1070 2306 1106 2344 eo
1137 2306 1203 2343 eum
1232 2286 1303 2344 olim
1325 2285 1419 2340 etenim

303 2396 334 2446 et
356 2385 659 2464 tutrs'correxissent‚
684 2389 848 2467 dupliciter
870 2407 1009 2449 mancam
1030 2392 1268 2452 concinnitatem
1283 2397 1418 2469 praeter·

302 2494 460 2553 miserunt.
504 2496 543 2553 In
566 2496 774 2554 coniectaneis
798 2517 829 2574 p.
852 2504 886 2558 82
909 2516 992 2576 pone
1020 2505 1111 2558 utrum
1140 2497 1314 2555 necessario
1337 2513 1354 2550 a
1377 2510 1419 2549 me

302 2601 399 2658 inseri
416 2598 530 2658 debere
553 2593 677 2680 scripsi:
700 2610 731 2659 at
754 2602 786 2658 in
810 2602 908 2660 altera
931 2621 1053 2681 quoque
1074 2603 1224 2661 enuntiati
1247 2609 1335 2679 perte
1358 2619 1418 2678 quo

303 2708 490 2784 comparatio
514 2714 634 2764 constet
660 2728 724 2765 non
756 2707 843 2764 nulla
876 2707 1093 2767 desiderantur
1123 2727 1202 2790 quae
1230 2709 1274 2765 ira
1302 2707 1418 2782 retingo

303 2813 349 2868 Sic
371 2829 419 2886 epo
442 2831 503 2870 cum
526 2821 588 2869 tuus
609 2815 659 2868 sim
681 2821 776 2868 sartor
797 2814 918 2886 [coemto
934 2816 1109 2887 mercedemJ,
1132 2817 1156 2871 si
1177 2824 1204 2870 tu
1221 2817 1287 2886 plus
1309 2807 1427 2868 laboras*
1460 2817 1466 2826 '

302 2939 385 2994 quum
405 2937 469 2995 epo,
492 2924 535 2977 dc.
576 2917 770 2976 Sententiam
789 2919 945 2976 Mercerus
969 2920 1126 2998 explicuit.
1171 2920 1304 2978 ‘Titulus
1324 2912 1417 2991 libri’,

303 3027 354 3100 ait,
380 3025 510 3084 ‘indicat
533 3032 632 3081 actum
651 3043 718 3081 esse
741 3022 781 3081 dc
799 3043 832 3081 re
852 3025 968 3082 uxoria.
1014 3025 1052 3083 In
1073 3027 1110 3084 iis
1129 3025 1236 3105 lepida
1252 3025 1419 3083 haecallo-

304 3132 383 3191 cutio
407 3133 465 3190 viri
489 3131 528 3190 ad
550 3150 757 3209 uxoremque
781 3128 886 3188 deberi
902 3130 1205 3190 mercedemesserit
1220 3129 1291 3190 culti
1306 3131 1420 3190 hortuli

302 3236 459 3296 muliebris
476 3259 540 3296 non
556 3239 655 3296 minus
673 3238 803 3318 quamsi
822 3256 927 3312 agrum
946 3237 1070 3294 alterius
1093 3237 1259 3296 coluisset?
1297 3239 1334 3295 In
1355 3238 1418 3316 qui-

301 3343 358 3402 bus
387 3343 462 3403 illud
492 3354 596 3402 tamen
622 3365 729 3422 parum
758 3340 918 3420 probabile
948 3340 1031 3420 quod
1060 3341 1137 3400 haec
1165 3344 1246 3401 inter
1268 3344 1365 3401 virum
1389 3352 1420 3401 et

302 3469 429 3508 uxorem
458 3450 508 3525 agi
539 3452 692 3528 opinatur.
738 3449 832 3506 Immo
862 3467 918 3525 per
945 3447 1128 3504 vinaliorum
1157 3449 1419 3528 opportunitatem

304 3553 387 3636 quod
411 3555 522 3611 festum
545 3575 563 3612 a
590 3553 800 3613 meretricibus
817 3541 1038 3611 celebrabatur
1061 3555 1207 3612 amasium
1231 3557 1332 3634 potius
1356 3576 1418 3614 erc-

304 3659 419 3718 dideris
443 3660 574 3717 avariori
597 3659 808 3717 meretriculae
835 3658 895 3716 illis
924 3658 1101 3716 ratiunculis
1131 3660 1292 3739 probatum
1314 3663 1418 3734 ivisse,

303 3785 367 3824 non
390 3764 475 3823 illam
498 3784 516 3822 a
539 3785 572 3824 se
595 3763 650 3823 sed
673 3773 770 3822 semet
793 3761 831 3820 ab
854 3762 908 3820 illa
929 3763 1101 3823 mercedcm
1125 3785 1293 3845 exposcere
1316 3786 1418 3846 posse.

828 4050 897 4121 111.

388 4264 502 4322 Notum
526 4270 573 4320 est
595 4260 736 4322 librarios
760 4262 833 4320 satis
856 4263 957 4320 multis
981 4262 1063 4319 notis
1091 4281 1163 4319 usos
1193 4279 1262 4319 esse
1285 4257 1419 4338 syllaba·

304 4387 369 4426 rum
398 4376 429 4425 et
457 4368 678 4431 vocabulorum
704 4387 783 4447 quae
811 4389 877 4426 cum
900 4369 1029 4426 aliorum
1054 4365 1195 4446 codicum
1222 4365 1329 4425 scribis
1356 4374 1420 4423 tum
