3274 5078
301 354 343 416 32
778 373 941 416 auruncus

301 560 349 618 eye
374 560 430 599 uon
451 551 568 600 mettium
588 543 712 615 futuru,
734 561 788 599 uon
814 551 972 616 aruspicem
994 547 1110 613 tristem,
1133 549 1215 602 simut
1234 563 1269 602 uc
1289 549 1344 603 diei
1363 565 1418 604 uon

301 655 405 722 quuero
427 648 547 726 reliqua
570 656 643 726 puto
671 667 758 706 ame
779 656 863 706 recte
891 648 1032 706 restituta
1063 667 1130 707 esse
1152 651 1185 708 in
1208 651 1417 710 coniectaneis

302 774 332 831 p.
355 763 404 828 82,
435 753 491 812 sed
513 764 668 832 postrema
692 775 756 813 non
787 753 933 831 expedivi
956 755 988 812 in
1017 755 1126 834 quibus
1148 755 1221 814 mihi
1243 777 1326 815 nunc
1348 777 1417 836 per-

302 860 417 919 suadeo
451 861 528 919 nihil
558 861 641 920 aliud
672 859 854 918 delitescere
884 877 974 937 quam
1002 863 1083 917 simut
1110 877 1145 914 ue
1174 863 1241 917 dicis
1268 883 1323 921 nom
1350 881 1418 939 queo

303 964 387 1043 (scil,
418 964 617 1045 exstirpare).
668 967 748 1026 Num
777 964 859 1044 quod
891 982 959 1037 queo
988 965 1105 1043 retingo
1135 985 1191 1043 pro
1219 987 1324 1040 quaero
1353 990 1417 1030 nou

301 1070 458 1131 mirabitur
481 1073 532 1152 qui
556 1074 676 1155 quoties
700 1071 782 1152 apud
797 1071 932 1129 Nonium
954 1090 1010 1148 pro
1033 1090 1086 1148 que
1109 1082 1266 1132 exaratum
1288 1076 1327 1134 sit
1346 1092 1418 1149 quae

301 1170 514 1248 reminiscatur
535 1180 620 1239 velut
642 1180 674 1238 in
697 1177 809 1237 Lucilii
837 1197 929 1234 versu
951 1195 982 1252 p·
1007 1183 1071 1248 175,
1099 1187 1128 1240 15
1151 1181 1274 1252 illisquae
1295 1183 1418 1254 sitiqune

234 1364 237 1368 .
301 1291 403 1344 simitu.

387 1391 439 1451 Ad
467 1391 700 1470 Endymionum
729 1391 934 1468 fragmentum
961 1393 995 1446 ut
1023 1387 1150 1448 redeam
1179 1397 1305 1447 extrema
1331 1394 1418 1447 noetis

302 1509 426 1573 tempora
455 1497 526 1555 ideo
557 1498 676 1554 secrevi
705 1496 788 1576 quod
816 1497 894 1554 haec
927 1503 990 1554 tem
1025 1513 1167 1553 numerus
1197 1515 1287 1574 quam
1321 1495 1416 1554 oratio

302 1601 537 1684 persuadebant
561 1622 684 1660 eversu
707 1602 891 1681 deprompta
914 1619 992 1660 esse.
1038 1599 1175 1677 Scaliger
1198 1602 1323 1681 quidem
1346 1603 1417 1660 olim

303 1719 333 1768 ct
361 1729 462 1789 nuper
483 1709 625 1786 Riperus
654 1715 751 1765 tot-um
780 1709 985 1785 fragmentum
1013 1708 1153 1767 versibus
1177 1706 1416 1786 descripserunt,
1457 1758 1460 1765 .

303 1837 378 1896 qnos
401 1826 505 1875 tamen
528 1805 580 1870 ubi
603 1812 695 1889 paulo
718 1814 846 1891 propius
870 1815 1029 1890 aspexeris
1054 1835 1182 1894 cumque
1204 1814 1325 1873 traditis
1348 1834 1417 1871 ver-

301 1923 348 1981 bis
378 1920 584 2000 composueris
617 1920 702 1977 irrita
740 1939 835 1998 opera
867 1921 984 1979 effictos
1014 1921 1187 1999 apparebit.
1242 1922 1292 1978 En
1320 1919 1417 1978 habes

301 2027 459 2106 utriusque
478 2027 642 2084 inventum'
663 2034 693 2084 et
710 2025 859 2103 Scaligeri
883 2026 1007 2104 quidem
1029 2027 1061 2084 hi
1084 2033 1155 2084 suut
1177 2005 1319 2086 versiculi
1365 2011 1368 2016 ’

456 2165 585 2220 Animum
604 2179 692 2219 rueum
714 2167 786 2219 mitto
803 2165 974 2234 speculatum
992 2171 1044 2230 toto
1066 2164 1147 2235 orbe,
1172 2167 1212 2220 uti

456 2269 526 2338 Quid
539 2271 668 2342 facerent
681 2257 817 2334 homines,
834 2275 914 2344 quom
934 2273 1094 2341 experrecti
1105 2275 1175 2326 sient

454 2375 500 2430 Me
513 2375 624 2448 faceret
638 2379 800 2432 certiorem:
820 2378 846 2430 si
864 2379 926 2448 quis
945 2385 1065 2432 sumeret

455 2483 501 2538 Me
518 2488 613 2540 metius
628 2501 759 2556 operam,
781 2489 811 2538 ut
825 2485 883 2540 eius
897 2484 1009 2538 coasilio
1024 2485 1099 2538 ocius

461 2588 585 2662 Vipitium
601 2591 827 2646 adminiculamur
844 2593 983 2659 nostrum,
1002 2591 1049 2660 qui
1061 2591 1133 2644 uidet

453 2697 544 2750 Alium
554 2693 718 2752 'curvantem
737 2703 862 2752 extrema
877 2699 963 2752 noctiis
979 2702 1112 2767 tempore.

301 2821 419 2900 Riipcri
441 2830 545 2902 eutem

497 2993 504 3008 .
550 2950 671 3006 intimum
686 2954 758 3007 mtto
774 2950 947 3024 spe'eututum
962 2957 1015 3006 tota
1030 2953 1112 3021 tete,
1135 2955 1175 3008 uti

496 3059 562 3130 quid
575 3055 706 3138 fecerent
719 3059 858 3130 homines,
880 3058 1041 3130 experrecti
1055 3059 1117 3114 etim
1132 3049 1214 3130 sieut,

450 3164 563 3238 ficeret
580 3165 739 3233 certidrem
763 3167 788 3219 si
799 3167 860 3238 quis
874 3163 971 3220 metius
985 3179 1101 3234 operum
1115 3165 1250 3234 sumeret,

445 3265 509 3330 itio
529 3273 640 3327 coartio
662 3278 691 3326 ut
705 3272 797 3342 potius
812 3272 927 3342 cipitium
944 3268 1181 3326 imminieulerem
1198 3287 1287 3328 meum

452 3378 527 3450 quiid
536 3379 603 3434 'uidit
618 3378 702 3433 attin
717 3382 868 3432 certantem
885 3377 1012 3434 extreme
1027 3380 1113 3434 noetis
1130 3377 1264 3450 te'mporm

299 3509 398 3568 Multo
421 3509 482 3569 illis
505 3511 674 3570 modestius
697 3503 776 3571 cum'
787 3511 864 3570 haec
885 3521 1005 3571 tantum
1026 3523 1152 3571 extrema
1180 3519 1266 3572 uectis
1292 3522 1416 3589 tempora

300 3616 425 3694 poetica
451 3615 581 3673 habeam
611 3603 682 3674 volo
707 3614 840 3674 eandem
861 3617 950 3692 huius
975 3619 1141 3696 fragmenti
1163 3621 1315 3678 rationem
1338 3640 1415 3694 esse,

271 3785 274 3792 Ι
302 3742 393 3802 quam
416 3719 455 3780 de
477 3721 576 3780 Manii
599 3722 772 3798 fragmento
797 3703 1006 3782 demonstravi
1028 3725 1061 3782 in
1085 3727 1294 3786 coniecteneis
1316 3747 1347 3806 p.
1369 3736 1414 3788 14:

300 3831 507 3888 uttermm‘bene
522 3839 665 3904 acceptum
682 3831 804 3886 dormire
823 3827 926 3904 ‘super
940 3837 1071 3907 umfitupo
1088 3836 1154 3890 berte
1171 3833 1261 3891 motti'
1285 3865 1323 3875 —
1344 3851 1416 3890 nam

299 4111 386 4156 retur:
410 4111 517 4156 atteram
539 4121 588 4170 per
605 4107 704 4156 timitem
723 4106 766 4170 qut
783 4110 822 4154 est
839 4105 907 4154 inter
923 4107 1018 4156 teomem
1036 4114 1062 4156 et
1079 4123 1212 4157 camertem:
1235 4111 1336 4160 tertiam
1351 4119 1414 4168 ‘esee

300 4195 368 4244 tuter
391 4201 522 4260 aquarium
551 4201 576 4243 et
597 4193 691 4258 places.
727 4195 795 4243 lude
819 4194 940 4244 diluculo
964 4193 1111 4260 dispicitur
1134 4197 1198 4261 quid
1222 4197 1300 4246 iuxta
1323 4198 1416 4262 posita

299 4283 444 4349 τριοδίτης
458 4277 604 4348 recuditur
617 4285 670 4334 sibi
684 4283 781 4348 velint,
800 4300 852 4334 uec
866 4284 934 4334 lieet
949 4285 978 4332 in
995 4290 1134 4348 posterum
1153 4286 1186 4335 de
1205 4278 1349 4353 τρικόλιος
1367 4301 1413 4334 co·

300 4377 399 4440 gitare.
436 4376 489 4425 Sed
507 4374 587 4441 plura
606 4375 686 4424 alias.
1223 4390 1225 4394 ·
