3274 5078
288 350 307 410 8
369 373 370 376 *
766 365 928 406 Antenore

288 535 367 597 Nam
388 537 422 594 in
451 533 547 595 altero
574 554 696 614 quoque
719 554 810 592 versu
836 533 952 613 aliquid
981 535 1134 593 interiisse
1162 534 1315 612 suspicor,
1344 535 1404 594 nisi

290 643 356 722 quis
379 642 472 700 malet
494 661 560 699 cum
581 641 720 699 Mercero
744 642 895 715 atpndnntr'.

373 746 497 806 Addam
521 767 537 804 e
559 747 708 806 Varronis
731 755 900 805 saturarum
927 746 1065 824 reliquiis
1096 747 1157 804 alia
1187 719 1337 806 bonnulla
1361 745 1404 803 di·

289 851 441 929 iungendi
475 852 611 931 syllabas
646 872 706 930 ope
742 852 927 930 corrigenda
964 853 1114 932 exempla.
1174 854 1406 933 Endymionum

290 959 635 1034 fragmentum-Nonius
651 981 682 1038 p.
699 967 773 1032 tm
797 961 840 1018 ita
863 957 1040 1038 perscribit:
1065 963 1286 1034 Exporreeturn‚
1309 970 1404 1017 exten·

289 1072 362 1122 term:
385 1051 548 1138 porrectam
571 1076 611 1124 est
632 1071 702 1124 enim
725 1073 825 1124 tentam
838 1070 866 1122 tet
886 1075 927 1122 est
942 1083 1032 1138 porro
1053 1071 1164 1125 iactam.
1195 1067 1225 1124 V.
1242 1069 1278 1123 E.
1287 1053 1303 1122 ι’
1317 1084 1407 1140 quoe

289 1187 348 1226 res
370 1174 404 1227 in
433 1177 603 1229 somnium
632 1175 836 1228 recorderis
865 1191 1067 1228 srssorrsnors
1091 1177 1165 1228 eris
1194 1177 1321 1229 iterum
1350 1189 1405 1229 ere-

288 1285 489 1349 porrectns.
533 1277 582 1336 De
606 1286 791 1349 exporrectus
807 1257 956 1335 rocabulo
982 1277 1063 1355 quod
1086 1279 1205 1336 Nonius
1227 1277 1408 1335 mirabiliter

292 1381 440 1458 explicuit
461 1384 602 1441 nonfuit
623 1382 706 1462 quod
729 1382 932 1454 dubitaretur,
959 1403 1141 1462 quamquam
1164 1385 1261 1442 Varro
1284 1383 1352 1458 ipse
1376 1382 1407 1438 in

293 1485 402 1544 eadem
430 1496 532 1546 satura
562 1488 657 1567 (Non.
687 1497 751 1562 ⁸232,
781 1485 810 1564 2)
841 1495 1003 1561 ereperrectr'
1029 1490 1135 1549 scribit
1172 1497 1201 1548 et
1229 1489 1267 1546 do
1301 1489 1408 1565 lingna

292 1591 390 1650 latina
404 1594 467 1653 VII
487 1597 559 1656 3M.
576 1616 630 1654 non
653 1597 732 1653 modo
747 1596 922 1666 Epimenides
944 1613 1020 1652 mens
1038 1605 1103 1668 post
1123 1599 1211 1654 ornnes
1234 1598 1257 1652 t
1280 1612 1408 1667 ereper-

292 1707 422 1756 rectns.
471 1699 614 1760 Ceterum
636 1701 710 1758 vide
733 1698 939 1757 breviatorem
960 1701 1047 1758 Festi
1069 1722 1100 1780 p.
1124 1711 1158 1764 79
1182 1710 1212 1760 et
1233 1711 1267 1762 80
1283 1703 1324 1759 Μ.
1370 1701 1407 1759 In

293 1805 420 1884 reliquis
436 1826 525 1879 qnare
538 1813 564 1865 si
577 1809 692 1879 Iunius,
716 1815 840 1864 somnum
855 1805 975 1883 Popma
991 1808 1061 1865 olim
1077 1808 1285 1866 restituerunt.
1323 1809 1408 1866 Non·

294 1910 365 1968 dum
381 1920 482 1970 autem
505 1934 523 1971 a
540 1933 693 1992 quoquam
716 1919 825 1970 sanata
849 1920 894 1969 est
916 1923 979 1970 vo‘x
1001 1932 1112 1988 macca
1134 1913 1167 1970 in
1192 1934 1252 1993 qua
1267 1915 1409 1973 nonnulli

295 2015 367 2074 Orci
384 2018 642 2094 significationem
658 2018 842 2076 delitescere
859 2016 916 2076 sibi
933 2027 1168 2100 persuaserunt.
1202 2019 1313 2099 Itaque
1328 2021 1408 2078 Mer·

251 2199 255 2206 ¹
294 2133 380 2180 cerus
409 2117 441 2178 ἕν
464 2113 539 2205 ᾅδου
563 2168 570 2182 .
595 2169 602 2182 .
627 2169 633 2182 .
658 2168 665 2183 .
690 2129 760 2197 eris,
792 2123 955 2183 Turnebus
979 2112 1100 2204 ἕνᾷδου
1122 2117 1250 2198 crinon,
1275 2125 1409 2206 denique

295 2228 446 2288 Oehlerus
470 2220 622 2287 ἕν”Αιδου
640 2221 806 2304 οὐπήποτε,
831 2249 907 2308 quos
932 2249 989 2306 ego
1013 2249 1079 2288 cum
1100 2232 1275 2289 sententiae
1299 2231 1409 2310 proba-

293 2333 445 2394 bilitatem
463 2335 638 2395 desiderem
660 2337 763 2396 fallaci
787 2337 891 2414 specie
914 2335 1017 2413 decipi
1040 2334 1179 2394 arbitror.
1217 2337 1409 2396 Probabilius

296 2441 378 2521 quod
401 2443 433 2499 in
456 2441 575 2501 Aldina
598 2464 776 2522 expressum
806 2451 853 2501 est
883 2451 908 2500 et
935 2428 1090 2500 οὗὸέποτεε
1120 2445 1212 2521 paulo
1243 2445 1369 2521 propius
1393 2463 1411 2501 a

295 2547 439 2606 librorum
461 2551 606 2607 memoria
628 2552 735 2609 Iunius
758 2560 784 2608 et
804 2535 870 2606 ἀλλ’
894 2537 1036 2606 οὐδέποτε
1059 2549 1229 2627 suspicatus
1253 2540 1317 2607 ἀλλ’
1342 2571 1411 2630 par·

295 2655 419 2714 ticulam
435 2675 598 2733 perperam
621 2657 750 2714 invexit.
772 2657 880 2713 vImmo
905 2655 948 2712 sic
972 2653 1093 2712 demum
1114 2655 1263 2714 Varronis
1286 2665 1410 2715 senten-

295 2762 339 2818 tia
369 2774 568 2840 recuperatur
595 2778 683 2833 qnare
710 2766 736 2817 si
762 2766 791 2818 in
819 2778 942 2817 sensnum
965 2761 1114 2816 rescideris
1140 2783 1170 2816 sn
1189 2780 1253 2816 nono
1273 2779 1426 2818 orssnors·

297 2871 352 2923 eris
374 2872 472 2925 iterum
489 2877 683 2943 experrectus.
728 2869 849 2945 Nempe
871 2864 973 2924 fraudi
989 2866 1047 2923 fuit
1067 2866 1200 2925 librariis
1224 2869 1308 2946 quod
1332 2889 1411 2948 quae

296 2993 379 3032 mere
401 2976 501 3034 latina
530 2983 635 3033 essent
663 2974 781 3051 graecis
810 2973 921 3031 litteris
951 2965 1136 3045 exararent(
1155 2975 1412 3052 quemadmodum

297 3081 362 3140 fere
385 3101 512 3159 graecas
534 3100 627 3139 voces
651 3080 747 3137 latine
763 3080 961 3157 scripserunt.
1006 3078 1100 3136 Velut
1122 3080 1154 3137 in
1179 3100 1214 3138 eo
1238 3082 1410 3158 fragmento

296 3188 446 3247 Varronis
476 3187 558 3268 quod
594 3206 687 3265 supra
713 3184 803 3260 tetigi
837 3189 984 3256 mnrpnriti
1011 3183 1223 3259 κανὸικαντια,
1259 3207 1318 3246 nec
1352 3188 1412 3246 alia
1456 3213 1459 3224 ·

207 3269 211 3276 Ι
297 3296 418 3353 ratione
441 3311 683 3369 περιεχονταριαν
707 3298 804 3350 ortum
828 3309 896 3348 esse
925 3289 957 3347 in
982 3293 1190 3351 coniectaneis
1213 3313 1244 3370 p.
1270 3301 1319 3354 160
1340 3313 1411 3371 pro-

297 3399 378 3457 bavi.
418 3400 561 3459 Ceterum
576 3403 711 3472 Nonius,
735 3396 768 3456 id
792 3395 876 3475 quod
899 3404 1070 3474 temporum
1091 3401 1294 3475 congruentia
1310 3408 1412 3459 osten·

299 3503 373 3562 dere
389 3506 498 3583 potuit,
523 3527 585 3563 non
613 3506 738 3584 plenam
754 3504 939 3563 sententiam
962 3503 1017 3562 sed
1040 3506 1178 3582 protasin
1202 3513 1320 3564 tantum
1343 3525 1412 3564 sen·
1496 3485 1498 3490 V

298 3611 415 3668 tentiae
440 3611 557 3670 duabus
581 3613 664 3670 illam
688 3609 812 3691 quidem
831 3609 968 3686 partibus
993 3609 1246 3686 comprehensam
1268 3615 1424 3692 apposuit·
1489 3663 1491 3668 .

299 3735 363 3774 non
385 3716 577 3796 infrequenti
600 3717 716 3776 citandi
738 3737 821 3774 more
846 3718 897 3795 qui
914 3691 1017 3773 tamen
1035 3717 1205 3774 criticorum
1229 3739 1319 3776 curae
1336 3739 1412 3777 non·

300 3842 465 3902 numquam
481 3823 592 3881 offecit.
624 3823 675 3882 Sic
697 3843 775 3902 quae
799 3823 882 3900 apud
905 3822 1039 3880 Nonium
1061 3843 1091 3901 p.
1116 3830 1158 3896 27,
1186 3835 1216 3885 15
1240 3824 1412 3900 fragmenta

300 3929 462 3988 Varronis
478 3929 537 3988 duo
566 3931 711 4007 leguntur
738 3921 899 4004 Σωκράτης
928 3946 989 3984 enm
1020 3932 1048 3984 in
1070 3933 1184 3986 nnnrlr's
1201 3931 1318 4001 publicis
1345 3939 1414 3986 esset

300 4044 326 4092 et
347 4040 401 4092 iem
424 4039 532 4094 bibisset
558 4029 668 4095 κώνιον
696 4042 724 4094 in
747 4014 845 4094 enodib
867 4041 951 4106 ettae,
982 4042 1012 4092 et
1040 4038 1109 4092 vitoe
1130 4053 1242 4092 cursum
1264 4042 1294 4090 nt
1314 4052 1412 4108 eopno·

299 4158 378 4199 scere
395 4159 505 4216 possem
534 4152 560 4200 et
586 4162 657 4217 qnae
677 4146 813 4201 servitutis
840 4150 878 4202 et.
892 4143 1022 4198 libertatis
1044 4142 1078 4197 ab
1099 4145 1203 4213 ortptne
1225 4143 1264 4196 nd
1284 4129 1412 4198 enodinm
1450 4191 1452 4196 ,
1498 4195 1507 4210 ‚

300 4251 451 4322 (adductae,
476 4267 580 4308 eorum
602 4269 668 4307 cum
691 4258 831 4308 neutrum
850 4249 975 4326 plenam
998 4247 1184 4305 sententiam
1207 4247 1316 4306 offerat
1338 4246 1412 4304 alte·
1437 4279 1440 4284 ·

301 4374 367 4413 rum
395 4355 474 4414 adeo
504 4356 687 4415 coniecturis
718 4362 928 4433 corruperunt.
979 4354 1055 4430 Quis
1079 4354 1161 4412 enim
1184 4351 1318 4412 Oehlero
1342 4372 1413 4411 con-
