3274 5078
711 395 857 436 norimus.
1103 414 1107 426 -
1302 373 1343 436 29

313 563 421 623 Redeo
451 562 491 622 ad
519 562 706 642 compendia
733 563 912 640 scripturae.
958 561 1088 621 Constat
1110 580 1170 642 quo
1196 561 1287 622 modo
1309 561 1342 619 in

229 663 363 750 antiquis
379 669 465 729 libris
489 687 539 726 cou
562 669 713 746 particula
734 669 872 747 praefixa
899 667 990 728 scribi
1012 668 1121 726 soleat.
1164 667 1240 726 Eius
1264 687 1343 726 oom-
1448 714 1450 718 .

227 776 337 854 pendii
371 795 432 854 ope
462 772 573 831 viduor
600 773 674 834 mihi
701 776 828 834 multum
855 781 966 832 vexato
995 773 1142 832 Varronis
1170 773 1343 851 fragmento

229 882 269 941 dc
292 879 543 962 Endymionibus
571 882 689 942 mederi
717 899 809 960 posse
839 878 922 958 quod
944 877 1064 937 Nonius
1091 899 1124 960 p.
1145 887 1215 952 231,
1243 890 1279 944 33
1299 881 1344 938 ita

228 987 333 1047 scribit
355 993 474 1065 animum
503 993 575 1048 mitto
596 992 768 1064 speculatum
797 996 850 1044 tota
873 988 955 1060 urbe,
978 970 1059 1062 (lirae
1080 982 1184 1062 Leid.)
1209 996 1250 1056 ut,
1278 990 1345 1060 quiri

227 1095 373 1168 facerem,
395 1095 518 1152 homiues
532 1113 593 1152 cum
608 1096 769 1169 experrecti
788 1096 859 1164 siut,
881 1107 924 1148 me
943 1091 1043 1164 facere
1064 1094 1223 1168 certiorem
1245 1097 1271 1150 si
1283 1097 1344 1166 qm's

226 1205 323 1258 melius
345 1218 461 1274 operum
482 1207 603 1274 serperet,
627 1209 657 1257 ut
671 1203 729 1258 eius
744 1201 856 1258 consitio
875 1199 1089 1271 pottusrtpitms
1104 1201 1342 1255 animinieularem

226 1317 360 1379 nostrum,
373 1307 450 1382 'quid
467 1308 531 1361 aiau
545 1309 622 1363 uliud
636 1315 795 1364 curvantem
811 1313 937 1364 extremm
956 1305 1042 1358 rroetis
1057 1305 1181 1374 tempori.
1220 1301 1341 1378 Nempe

232 1411 276 1470 sic
297 1420 372 1490 puto
395 1413 568 1472 Varronem
592 1430 629 1469 ea
651 1411 812 1492 scripsisse

313 1522 441 1575 Atriorum
464 1522 536 1574 mitto
558 1523 729 1594 speculatum
751 1527 806 1574 tota
829 1517 897 1572 urbe
925 1524 955 1573 ut
981 1517 1048 1591 qm'd
1066 1516 1196 1589 facerent
1220 1515 1343 1570 homines

228 1641 290 1680 cum
320 1627 482 1698 erperrecti
506 1627 559 1680 siut
587 1642 629 1681 me
653 1626 764 1698 faceret
791 1628 951 1682 certiorem.-
978 1625 1004 1678 si
1029 1625 1090 1696 quis
1111 1623 1207 1678 melius
1228 1637 1342 1694 operam
1432 1633 1436 1641 ·

226 1738 360 1799 sumeret,
395 1737 425 1786 at
456 1735 514 1787 etus
545 1735 657 1788 consilio
683 1738 775 1806 patim
804 1735 923 1806 amilium
951 1731 1185 1785 amminiculurem
1207 1735 1340 1784 nostrum.

228 1835 299 1904 Quam
318 1838 382 1893 vidit
404 1837 481 1892 atiud
502 1855 535 1891 uc
558 1833 735 1894 eoumuautes
757 1839 784 1892 in
808 1836 952 1892 ‘extrema
974 1839 1060 1892 noctis
1081 1834 1243 1908 tempora?’

314 1941 380 2000 Iam
410 1961 470 2019 quo
502 1959 589 1998 suum
612 1942 722 2021 cuique
753 1941 904 2004 tribuatur
931 1961 1061 2022 meaque
1083 1940 1213 1999 viriliter
1236 1929 1366 2022 confir-¹¹

226 2055 325 2104 matur
348 2047 524 2105 emendatio
555 2049 677 2126 singula
700 2048 792 2126 paulo
816 2051 985 2107 accuratius
1008 2066 1187 2129 persequar.
1231 2047 1341 2124 Itaque
1428 2060 1433 2067 ·

224 2140 354 2228 tacerem
376 2154 447 2212 olim
471 2155 623 2215 editioncs
648 2176 708 2236 quo
732 2176 795 2213 non
818 2155 1007 2234 probabilius
1031 2155 1114 2237 quod
1140 2153 1253 2212 Rothio
1275 2152 1341 2231 pla·

175 2272 181 2292 ··
227 2260 288 2316 cuit
319 2261 455 2332 furerem.
501 2261 645 2342 Oompari
679 2272 780 2322 autem
810 2280 912 2320 errore
943 2261 976 2319 in
998 2259 1231 2319 Andabatarum
1260 2258 1341 2334 frag·

226 2372 329 2422 mento
364 2365 448 2443 apud
476 2367 611 2426 Nonium
640 2388 671 2446 p.
700 2376 765 2440 486,
795 2377 812 2428 6
846 2369 992 2424 candidum
1021 2371 1078 2423 laet
1104 2384 1119 2422 e
1143 2371 1251 2439 pupilla
1280 2383 1342 2422 carn

222 2476 283 2545 fluit
303 2477 410 2546 siquam
426 2483 534 2548 putare
555 2474 588 2530 in
604 2473 892 2533 Wolfenbuttelano
916 2479 1008 2549 atque
1030 2471 1195 2533 Gerlachio
1216 2473 1243 2532 si
1263 2473 1340 2531 fides

225 2578 266 2636 sit
280 2581 404 2635 deicidae
423 2598 479 2656 pro
496 2583 614 2637 deiciunt
636 2580 669 2638 in
683 2580 795 2640 Lucilii
810 2598 903 2636 versu
923 2576 1005 2654 apud
1021 2578 1156 2638 Nonium
1178 2600 1209 2658 p.
1226 2589 1297 2669 288,Ι
1307 2591 1342 2642 30

226 2703 317 2763 quern
338 2685 432 2743 talem
455 2685 551 2744 fuisse
574 2686 686 2765 opinor

376 2819 441 2877 Has
462 2838 493 2878 ec
512 2823 641 2895 fenestra
663 2827 686 2879 ts
709 2821 738 2878 r'n
760 2829 847 2895 eaput
867 2820 988 2878 deiciant
1008 2825 1056 2895 qm'
1071 2839 1161 2894 prope
1187 2825 1225 2879 od
1245 2824 1340 2882 dotium

374 2915 586 3000 idsptrrrverr'nt.

226 3057 302 3122 Cum
325 3061 408 3120 enim
432 3061 612 3124 Gerlachius
635 3064 668 3122 in
690 3062 801 3123 Lucilii
825 3061 962 3122 editione
985 3065 1109 3120 deiciam
1136 3062 1248 3122 scribat
1272 3083 1339 3122 esse

225 3167 255 3224 in
272 3167 437 3242 Leidensi,
462 3170 544 3228 idem
562 3172 594 3227 in
611 3170 705 3228 Nonii
722 3170 864 3247 exemplo
887 3173 1000 3226 tteieium
1025 3168 1208 3228 eLeidcnsi
1232 3178 1262 3227 et
1278 3171 1338 3230 Ge-

225 3275 356 3332 nevensi
375 3277 510 3350 notavit3
533 3277 566 3334 in
584 3275 709 3353 reliquis
733 3273 819 3332 libris
842 3277 963 3333 deiciunt
983 3275 1105 3352 legitur.
1151 3276 1293 3336 Ceterum
1316 3286 1341 3334 et

224 3381 368 3452 fenestras
390 3378 459 3438 libri
487 3381 547 3439 nisi
571 3379 652 3459 quod
675 3381 807 3454 fenestris
837 3400 944 3439 manus
976 3380 1113 3448 secunda
1134 3383 1167 3438 in
1190 3381 1339 3441 Leidensi

225 3494 257 3543 ct
279 3485 460 3546 Genevcnsi
490 3487 631 3548 correxit.
675 3483 726 3544 Ad
755 3485 889 3546 candem
915 3497 1017 3548 autem
1038 3497 1049 3546 t
1071 3497 1103 3546 et
1127 3504 1142 3543 e
1170 3486 1339 3546 litterarum

225 3594 490 3678 commutationem
527 3592 608 3650 redit
638 3591 820 3670 depravatio
849 3595 1063 3654 Varronianus
1094 3596 1269 3653 sententiae
1300 3593 1338 3652 de

225 3698 400 3778 Marciporc
425 3697 508 3776 apud
530 3697 665 3756 Nonium
688 3719 719 3778 p.
743 3707 791 3774 79,
818 3709 851 3762 14

379 3877 387 3892 .
432 3877 439 3890 .
484 3834 595 3891 detimdt
615 3835 740 3910 bipennis
761 3839 793 3894 att
813 3840 878 3895 Ievis
896 3836 1093 3912 passerculum

224 3971 268 4030 sic
299 3971 381 4028 enim
410 3971 520 4026 detimct
539 3968 648 4030 Iunius
670 3971 829 4031 verissime
859 3973 906 4031 cui
928 3972 1040 4031 iniuria
1064 3972 1248 4034 novissimus
1272 3973 1337 4034 edi-

225 4076 282 4136 dor
297 4097 361 4134 non
377 4055 617 4154 obtemperavit:
640 4076 709 4135 libri
725 4081 856 4155 detunue3
879 4079 1035 4138 Mercerus
1051 4082 1156 4142 detune.
1199 4083 1340 4139 Detimure

224 4314 251 4362 id
276 4315 385 4378 quidem
408 4327 469 4364 cum
497 4312 537 4362 eis
561 4309 693 4377 exemplis
723 4315 848 4378 componi
875 4318 968 4379 potest
985 4329 1062 4378 ,quae
1092 4315 1120 4364 in
1149 4318 1338 4370 coniectaneis

223 4418 250 4468 p.
269 4401 320 4452 200
337 4401 447 4469 collegi.
514 4459 517 4464 ,
