3274 5078
305 345 343 406 12
752 422 757 436 ⁴
779 365 941 406 iuuencas

302 534 354 593 vel
383 524 502 590 κύαθον
526 533 646 612 pridem
676 533 865 592 intellectum
894 542 949 592 est.
995 532 1141 592 Similiter
1169 532 1252 611 apud
1280 532 1415 609 Nonium

301 661 332 719 p.
361 648 404 713 27,
429 650 444 700 5
472 642 647 712 helquisticon
670 639 810 698 scribitur
833 638 915 718 quod
940 648 987 698 est
1009 630 1181 696 ἑλκυστικόν
1210 648 1241 698 et
1267 644 1416 714 quiamjcos

301 767 357 824 pro
380 735 504 813 κυνικός
525 765 555 823 p.
573 751 633 816 358,
660 753 703 805 21.
738 743 857 821 Quibus
879 745 1037 822 scripturis
1059 746 1157 823 possit
1178 744 1279 804 videri
1302 743 1414 802 Isidori

302 854 386 911 locus
413 853 447 910 in
476 851 644 928 originibus
667 849 750 910 XIX
771 859 789 910 4
810 850 904 908 Lind.
928 851 1089 910 illustrari:
1112 855 1242 932 Anquina
1262 853 1341 925 funis
1362 869 1414 924 quo

301 960 340 1013 ad
360 961 460 1015 malum
481 965 603 1014 antenna
625 959 837 1029 nonnumquam
858 960 892 1013 cle
907 975 962 1030 qua
983 959 1087 1016 Cinna.-
1108 960 1196 1032 Aiqae
1209 960 1332 1030 anquina
1347 961 1416 1030 reqii

300 1064 422 1119 stabilem
430 1062 585 1135 fortissima
599 1079 722 1118 cursum.
751 1061 871 1139 Nempe
886 1061 1065 1141 scripturam
1081 1067 1202 1136 anquira
1213 1063 1244 1121 h.
1258 1081 1284 1120 e.
1297 1051 1414 1136 dqnqqu

301 1146 453 1228 Isidorum
481 1168 631 1227 fefellisse
655 1165 763 1226 credas
793 1185 976 1245 quamquam
999 1169 1100 1226 estin
1123 1167 1288 1226 Philoxeni
1311 1166 1415 1242 glossa

301 1278 438 1348 anqrainn,
467 1261 600 1349 ἄγκυρα,
629 1265 775 1349 suarim,
806 1263 954 1350 κύναγχος
984 1294 1044 1353 qua
1073 1279 1195 1349 anquina
1218 1291 1285 1330 cum
1312 1276 1414 1345 anqina

300 1383 333 1440 in
362 1401 456 1440 unum
478 1379 642 1438 conflatum
670 1391 737 1438 ess'e
760 1389 900 1459 apparet.
937 1380 1087 1440 Mirabilis
1109 1389 1212 1438 tamen
1235 1378 1273 1438 ab
1292 1378 1413 1437 Isidoro

302 1487 375 1545 data
390 1487 473 1545 vocis
491 1486 655 1563 explicatio
669 1491 805 1560 anquirae
816 1488 885 1546 voci
899 1484 982 1545 haud
999 1486 1226 1546 accommodata
1243 1494 1298 1544 est.
1325 1485 1413 1543 Eius-

302 1593 372 1652 dem
395 1601 495 1651 autem
525 1591 667 1650 vocabuli
692 1594 854 1670 vestigium
884 1593 967 1673 apud
991 1594 1125 1653 Nonium
1154 1600 1285 1671 apparet
1308 1591 1360 1670 qui
1382 1611 1412 1668 p.

213 1674 215 1678 .
301 1708 361 1771 536,
391 1707 407 1760 6
435 1698 512 1756 haee
540 1695 645 1754 scribit
668 1700 830 1768 anchorae,
859 1704 948 1758 vincia
978 1703 1075 1773 quibus
1102 1710 1247 1758 anicianae
1279 1707 1413 1755 tenentur.
1457 1689 1463 1700 '

300 1809 438 1864 Lucilius:
460 1811 631 1860 armamenta
655 1812 761 1874 umen,
790 1803 906 1876 malurn,
934 1809 1206 1864 calumniosarum:
1232 1807 1321 1862 Funis
1343 1808 1413 1860 enim

296 1916 446 1984 praecisus
468 1915 518 1967 cito
541 1918 622 1983 atquc
636 1912 760 1966 anchora
783 1914 881 1972 solnta.
924 1914 996 1971 Non
1012 1912 1090 1990 fugit
1111 1911 1216 1971 doctos
1233 1931 1323 1990 quam
1337 1911 1414 1968 haec

301 2017 464 2094 singularis
494 2017 647 2074 anchorae
675 2017 841 2095 explicatio
875 2037 942 2076 cum
974 2016 1149 2076 Isidoriana
1177 2023 1315 2092 anquinae
1342 2037 1413 2100 con·

300 2123 423 2180 veniat:
454 2131 485 2180 et
512 2130 615 2180 tamen
644 2129 705 2178 tam
735 2129 878 2180 narratae
908 2123 953 2180 rei
981 2121 1165 2182 condicione
1195 2143 1286 2202 quem
1309 2142 1413 2180 versus

300 2227 485 2285 necessitate
507 2215 622 2303 ἄγκυρα
644 2227 759 2305 requiri
781 2235 940 2305 putarunt,
969 2238 1002 2288 ut
1025 2231 1144 2290 Nonius
1168 2251 1291 2310 quoque
1314 2234 1411 2303 anqui-

300 2351 351 2390 rae
373 2335 523 2412 scriptura
540 2334 689 2412 deceptus
713 2334 761 2392 sit.
800 2333 881 2393 Vide
906 2335 946 2393 de
970 2356 1006 2394 ea
1029 2338 1239 2396 controversia
1255 2337 1413 2395 Weicher·

299 2448 363 2498 tum
375 2440 463 2502 Poet.
480 2441 548 2498 Lat.
566 2439 634 2498 Rel.
658 2460 688 2517 p.
708 2448 752 2500 191
773 2449 804 2498 et
827 2462 902 2520 quos
926 2443 978 2500 ille
1002 2443 1112 2502 attulit.
1150 2445 1264 2502 Verum
1287 2461 1320 2500 re
1344 2463 1413 2520 pro·

300 2547 368 2624 pius
390 2547 533 2624 inspecta
555 2566 618 2604 non
634 2553 681 2603 est
697 2546 780 2624 quod
803 2549 950 2608 latinitati
973 2552 1096 2621 anquina
1112 2568 1220 2607 vocem
1239 2550 1412 2626 eripiamus,

301 2673 380 2731 quae
410 2661 470 2711 tam
494 2653 614 2712 Cinnae
644 2671 734 2730 quarn
756 2653 874 2713 Lucilio
907 2655 996 2714 reddi
1028 2651 1162 2712 debebit.
1210 2655 1353 2714 Ceterum
1381 2655 1412 2712 in

299 2758 410 2817 Lucilii
432 2776 523 2815 versu
545 2776 612 2816 cum
634 2761 692 2814 uela
715 2760 805 2813 omitia
829 2758 935 2816 Iunius
964 2760 1147 2818 correxisset
1175 2761 1280 2820 nescio
1310 2770 1412 2820 tamen

280 2885 340 2922 -an
362 2863 475 2922 rectius
498 2881 581 2940 pone
604 2866 665 2921 vela
687 2863 938 2941 interpungatur:

451 3002 629 3056 Armarnenta
652 3005 757 3067 tamen,
781 3003 896 3071 malam,
920 3005 996 3069 vela,
1019 3008 1109 3058 omnia
1130 3021 1218 3060 seruo.

832 3254 878 3326 11.

385 3409 487 3486 Atque
510 3409 568 3464 hac
590 3416 751 3484 postrema
768 3408 985 3467 observatione
1009 3409 1049 3467 ad
1072 3412 1200 3468 alterum
1224 3410 1412 3469 emendandi

299 3535 396 3592 genus
426 3513 604 3572 deducimur
632 3513 715 3591 quod
743 3515 994 3592 interpunctione
1024 3516 1208 3572 continetur.
1259 3513 1302 3572 Ut
1331 3515 1413 3572 enirn

299 3623 332 3680 in
365 3621 425 3679 illis
454 3619 603 3697 exemplis
635 3638 756 3676 manum
785 3619 941 3695 scriptoris
973 3620 1081 3677 litteris
1109 3620 1161 3677 vel
1189 3621 1317 3698 syllabis
1346 3623 1412 3680 sive

299 3728 469 3787 coniunctis
498 3727 564 3784 sive
588 3725 730 3783 diiunctis
753 3724 1023 3797 resuscitabamus,
1054 3726 1098 3783 sic
1126 3726 1200 3784 item
1227 3725 1329 3783 verbis
1360 3726 1412 3783 vel

299 3835 474 3892 sententiae
490 3831 627 3911 partibus
649 3831 898 3909 interpunctione
922 3839 973 3888 aut
995 3834 1225 3910 comprehensis
1249 3840 1300 3890 aut
1322 3852 1411 3909 sepa·

298 3941 372 3998 ratis
395 3941 468 3998 licet
490 3939 662 3998 sententias
685 3937 837 3996 illustrare
861 3935 944 3994 atah
966 3938 1087 3996 iniustis
1104 3957 1331 4016 nonnumquam
1348 3958 1411 3995 cor·

298 4043 486 4101 rectionibus
509 4043 679 4102 vindicare.
725 4041 817 4101 Cuius
847 4043 892 4099 rei
915 4063 978 4100 non
1008 4044 1079 4102 leve
1102 4052 1287 4103 momentum
1311 4047 1410 4103 estin

298 4147 345 4206 his
369 4147 504 4226 abruptis
527 4151 592 4208 fere
617 4159 647 4207 et
662 4150 773 4208 mutilis
796 4147 933 4226 reliquiis
950 4151 1128 4228 scriptorum
1152 4151 1258 4229 quales
1275 4171 1293 4208 a
1307 4145 1410 4209 Nonio
1454 4185 1462 4192 ·

300 4253 466 4311 offeruntur
499 4254 681 4332 praesertim
711 4275 776 4312 cum
810 4255 892 4333 quod
929 4256 1060 4316 subinde
1096 4255 1207 4314 accidit
1240 4259 1272 4314 in
1301 4258 1411 4316 Lucilii

299 4360 508 4438 Varronisque
540 4379 618 4439 quae
648 4362 778 4419 maxime
806 4362 1020 4439 persequimur
1052 4361 1232 4438 fragmentis
1267 4383 1331 4420 non
1357 4361 1412 4420 uni
