3274 5078
239 375 251 387 ,
306 321 345 382 24
781 341 946 384 auannera

306 510 395 570 batur
425 528 515 589 qnam
544 509 627 590 quod
655 511 758 568 tritum
787 518 835 570 est
863 514 958 586 rubas
984 511 1079 572 latine
1108 532 1164 591 pro
1195 513 1303 592 quavis
1325 512 1424 572 multi·
1481 579 1483 584 ,

306 615 415 675 tudine
440 616 510 674 dici.
554 616 622 675 Nec
644 615 805 695 probabile
837 615 920 695 quod
948 619 1016 696 ipsc
1044 619 1090 698 in*
1106 618 1314 678 coniectaneis
1338 639 1368 695 p.
1391 625 1426 679 80

310 721 462 800 opinabar
483 698 618 781 lienium
649 741 756 780 vocem
777 723 865 782 velut
887 727 966 782 barba
988 725 1231 803 praetermisisse
1253 722 1338 782 unde
1367 743 1425 779 mre·
1454 704 1456 708 Ι

307 833 403 886 ilerum
426 829 589 904 genetivus
613 847 781 907 suspensus
805 827 914 904 fuerit.¹
951 832 1046 892 Immo
1076 835 1102 891 si
1133 835 1199 913 quis
1224 828 1336 891 Catulli
1358 849 1425 887 ver·

308 955 374 994 sum
397 933 435 992 de
460 935 658 1012 epithalamio
681 934 770 992 Pelei
800 942 831 992 et
846 935 1007 1016 ¹'I'hetitlos
1030 944 1064 998 32
1087 938 1196 992 domum
1219 944 1350 998 conuenta
1372 942 1426 993 tota

305 1044 466 1116 frequentat
490 1043 633 1097 Thessalia
655 1041 709 1098 vel
729 1041 806 1099 haec
829 1042 984 1121 Propertii
1007 1041 1103 1100 verba
1125 1043 1159 1100 ΙΙ
1180 1049 1205 1113 6,
1226 1051 1241 1106 Ι1

462 1195 524 1250 Νοη
546 1196 583 1250 ita
605 1195 768 1264 conplebant
789 1196 939 1268 Eplipreae
962 1197 1063 1252 Laidos
1084 1196 1167 1251 aedes

554 1299 599 1354 aa
619 1302 696 1355 euius
717 1301 800 1356 iacuit
823 1302 940 1358 Graecia
963 1310 1016 1358 iota
1036 1303 1116 1375 sores

310 1469 474 1530 contulerit
509 1466 593 1526 baud
631 1468 658 1526 ei
692 1467 894 1546 improbabile
931 1469 1074 1528 videatur
1100 1470 1271 1529 Varronem
1306 1488 1427 1560 guoque

312 1577 427 1636 dixisse
457 1584 537 1632 iotam
567 1577 707 1647 confluere
730 1575 845 1630 Romam
869 1608 888 1618 -
911 1576 970 1634 nisi
998 1577 1041 1634 ita
1068 1577 1119 1634 vel
1149 1576 1271 1654 gravior
1301 1574 1428 1634 difficul-

310 1692 357 1742 tas
380 1687 523 1741 assilierum
548 1679 664 1738 nomini
692 1677 872 1738 oboriretur.
909 1681 1019 1761 Itaque
1043 1704 1126 1742 nunc
1146 1683 1227 1740 hanc
1250 1702 1310 1761 qua
1332 1682 1428 1739 omnis

311 1789 461 1848 dubitatio
486 1787 643 1845 auferatur
672 1782 922 1845 emendationem
948 1790 1116 1867 amplector
1145 1793 1257 1864 confluit
1281 1791 1429 1864 [prostasii]

315 1897 458 1962 mulierum
489 1901 543 1950 tota
574 1894 672 1949 Roma.
731 1891 845 1949 Refero
884 1902 985 1951 autem
1019 1899 1206 1954 sententiam
1235 1894 1275 1952 ad
1306 1895 1429 1973 nuptias

312 2019 391 2079 quae
416 1999 484 2057 aliis
502 1996 624 2079 quoque
641 1997 799 2057 nonnullis
817 1999 954 2058 eiusdem
971 2007 1092 2058 saturae
1108 1987 1246 2080 reliquiis
1265 2001 1429 2078 designan-

215 2111 219 2122 “
311 2115 370 2165 tur.
416 2105 571 2163 Prellerus
601 2102 726 2182 quidem
754 2099 785 2159 in
814 2105 1005 2182 mythologie
1027 2106 1168 2164 Romana
1190 2129 1221 2186 p.
1244 2115 1296 2168 718
1318 2105 1431 2168 adab

313 2211 352 2270 de
375 2208 622 2268 Bacchanalibus
652 2209 800 2285 cogitavit
827 2211 887 2268 nisi
910 2211 1000 2269 fallor
1024 2209 1061 2268 ab
1084 2215 1159 2268 initia
1183 2233 1261 2292 quae
1290 2212 1431 2270 dicuntur

313 2326 344 2376 et
366 2315 537 2375 conflexum
567 2315 736 2374 mulierum.
783 2314 846 2374 Sed
876 2337 944 2375 eum
972 2337 1151 2378 coneursum
1179 2340 1219 2379 ne
1249 2318 1286 2378 ab
1316 2319 1430 2397 nuptiis

313 2422 438 2503 quidem
474 2423 608 2481 alienum
639 2441 707 2480 esse
741 2423 846 2480 nescio
885 2443 924 2480 an
954 2422 1044 2482 Statii
1079 2445 1186 2484 versus
1220 2425 1252 2483 in
1287 2426 1431 2483 silvarum

312 2530 409 2608 primo
433 2537 458 2604 2,
483 2537 534 2592 230
556 2528 671 2586 indicio
696 2528 767 2586 sint,
813 2531 896 2584 Initia
925 2536 1027 2587 autem
1055 2551 1096 2590 ne
1124 2541 1207 2590 reete
1237 2531 1362 2612 quidem
1388 2529 1431 2589 ibi

312 2635 374 2711 legi
395 2636 428 2693 in
452 2634 661 2694 coniectaneis
684 2653 716 2711 p.
739 2641 774 2694 80
801 2634 866 2724 diui
889 2635 1121 2717 Riccobonique
1149 2641 1330 2718 scripturam
1358 2643 1432 2718 initio

314 2741 536 2800 commendavi.
593 2741 631 2798 In
661 2759 752 2819 quam
781 2759 846 2797 rem
875 2761 958 2799 nunc
980 2740 1129 2802 Varronis
1158 2745 1335 2804 testimonio
1363 2752 1432 2802 utar

296 2845 397 2924 ¹apud
428 2846 569 2907 Servium
596 2849 629 2907 in
657 2849 752 2924 Verg.
775 2845 843 2906 buc.
871 2855 896 2920 8,
927 2855 961 2909 29
989 2845 1064 2906 lntle'
1089 2853 1178 2909 Varro
1205 2839 1234 2908 in
1258 2855 1341 2908 Aeliis
1370 2853 1434 2906 dicit

313 2969 432 3024 spomm
453 2955 512 3016 ideo
533 2956 614 3029 foces
632 2957 748 3026 praeire
773 2955 850 3028 quod
870 2961 975 3010 antea
995 2960 1106 3012 nonnisi
1123 2974 1178 3028 per
1203 2966 1305 3014 noctem
1329 2958 1432 3014 nuben-

313 3065 353 3114 tes
386 3061 556 3118 discebantur
586 3081 604 3118 a
637 3064 756 3135 sponsis.
809 3059 998 3138 Quibuscum
1022 3061 1161 3120 'conferri
1193 3062 1279 3120 iuvat
1306 3064 1433 3120 Festum

314 3185 345 3242 p.
362 3172 413 3226 ets
429 3166 472 3224 M.
490 3171 609 3240 patrimi
629 3175 655 3224 et
676 3169 798 3224 matrimi
814 3151 900 3240 pueri
915 3171 1089 3238 praetextati
1108 3175 1164 3223 tres
1182 3167 1325 3224 nabentem
1348 3166 1432 3220 dedu-

314 3279 394 3326 cunt.-
417 3290 491 3329 uirus
511 3278 560 3348 qui
579 3274 672 3347 facem
688 3275 823 3348 praefert
845 3290 883 3330 ea
904 3273 1078 3346 spirantia,
1102 3251 1184 3346 qaia
1207 3279 1311 3327 noctu
1333 3271 1431 3327 niste-

314 3378 412 3442 bnnt;
434 3382 487 3437 duo
509 3384 558 3453 qui
575 3387 668 3458 ‘tenent
688 3381 829 3438 nubentem
860 3386 890 3436 et
912 3379 1061 3438 Varronis
1089 3377 1128 3437 de
1151 3379 1215 3437 vita
1243 3375 1351 3456 populi
1373 3377 1433 3434 Ro-

315 3484 398 3566 mani
424 3483 520 3545 verba
550 3483 634 3562 apud
663 3486 799 3543 Nonium
827 3505 858 3563 p.
890 3469 953 3558 u'a,
992 3493 1056 3556 182,
1090 3491 1143 3544 302
1172 3477 1251 3564 quae
1280 3483 1312 3540 in
1341 3499 1435 3538 unum

316 3590 461 3665 coniungi
486 3588 600 3648 debere
625 3589 763 3666 Scaliger
785 3591 818 3648 in
842 3589 1057 3648 coniectaneis‘
1075 3609 1105 3665 p.
1129 3596 1164 3650 28
1187 3587 1312 3661 docuit,¹
1331 3607 1432 3646 ameu-

313 3694 437 3764 ,datiora
474 3696 512 3756 G.
542 3697 635 3757 Thilo
670 3717 755 3755 meus
784 3695 829 3754 ile
858 3697 999 3755 Varrone
1027 3694 1184 3752 Plutarchi
1218 3696 1434 3774 quaestionum

316 3802 523 3860 Romanarum
552 3811 676 3862 auctore
704 3823 735 3882 p.
758 3785 793 3864 22
819 3801 999 3882 perscripsit
1027 3802 1093 3858 eum
1117 3821 1134 3858 a
1164 3821 1234 3860 noun
1257 3811 1343 3876 nupto
1364 3805 1455 3890 ipsis·

315 3914 343 3966 in
364 3911 431 3983 sace
451 3912 616 3985 auferretur
635 3913 700 3985 foco
723 3913 780 3966 eins
801 3915 941 3981 sisinnius,
964 3917 1026 3964 eum
1045 3908 1104 3981 saa
1126 3923 1163 3964 eu
1181 3911 1264 3980 spina
1286 3910 1349 3966 alba
1365 3917 1435 3966 esset

316 4023 343 4071 et
362 4031 423 4072 eam
442 4035 516 4089 puer
536 4021 670 4090 ingenuas
692 4017 833 4090 adferret,
848 4069 850 4073 ,
865 4023 962 4072 eontra
984 4033 1002 4070 a
1030 4032 1098 4072 noua
1120 4019 1218 4072 marito
1245 4030 1308 4072 eum
1335 4019 1397 4072 item
1420 4031 1434 4071 e

314 4123 380 4196 foco
402 4125 429 4178 in
451 4126 542 4180 titione
564 4141 601 4180 ex
622 4123 699 4195 felici
719 4124 820 4180 arbore
846 4125 916 4196 ipnis
938 4130 964 4179 ei
984 4125 1012 4178 in
1035 4124 1130 4194 aquati
1150 4139 1223 4194 aqua
1241 4123 1332 4178 allata
1355 4129 1432 4178 esset.

317 4228 366 4286 De
390 4229 458 4286 face
482 4247 520 4288 ex
542 4229 634 4308 spinu
657 4228 727 4289 alba
742 4226 817 4286 addi
839 4236 942 4306 potest
956 4229 1054 4287 Varro
1077 4229 1109 4286 in
1124 4225 1224 4285 Aeliis
1247 4228 1331 4306 apud
1355 4226 1433 4286 eha—
1508 4303 1510 4307 Ι

318 4334 422 4392 risiurn
445 4335 462 4392 I
483 4355 515 4413 p.
540 4342 588 4397 117
611 4337 657 4408 P.,
683 4335 921 4414 quamquamin
946 4333 1238 4394 Gerontodidascali
1261 4333 1433 4410 fragmento
