3274 5078
313 362 351 424 18
790 381 953 422 arannem

310 558 402 624 penus
426 552 534 608 coelum
564 549 765 624 interrogatio
798 557 843 606 est
878 557 909 606 et
938 547 1068 626 duplicis
1102 548 1227 627 quidem
1255 551 1425 626 interroga·

311 656 404 713 tionis
427 674 498 732 pars
522 653 619 710 altera
648 671 686 709 ex
716 671 751 710 co
781 671 896 729 genere
927 653 1009 733 quod
1031 653 1191 713 Madrieus
1214 656 1427 734 opusculorum

312 761 554 820 academicorum
582 779 613 838 p
644 765 696 818 142
727 756 871 816 Ciceroni
904 756 943 816 de
971 759 1088 837 legibus
1117 762 1133 819 Ι
1164 767 1193 823 17
1229 761 1361 819 restituit
1390 778 1426 816 cn

312 871 421 926 arboris
442 876 492 924 out
513 868 600 924 eculei
611 869 749 938 incenium
764 871 867 922 cataro
887 849 1078 939 probabimus,
1099 872 1209 942 inpcnia
1230 871 1357 924 iuvenum
1373 884 1427 923 non

311 979 395 1034 item?
418 992 444 1032 e.
470 991 499 1051 q.
522 991 546 1030 s.
592 973 641 1030 Ita
655 971 805 1030 Varronis
822 991 945 1050 quoque
968 973 1143 1032 sententiae
1166 973 1238 1032 olim
1259 972 1340 1029 hanc
1361 971 1427 1030 fere

313 1079 587 1140 confomdtionem
609 1077 703 1134 fnisse
726 1079 865 1155 suspicor
886 1079 943 1147 [Aa
966 1082 1114 1152 estisptces
1135 1087 1199 1136 sunt
1218 1083 1316 1152 stultip
1338 1085 1427 1135 astro·

287 1173 299 1196 ’
313 1191 368 1260 lapi
393 1204 448 1244 non
476 1191 552 1254 stent,
587 1186 636 1255 qui
660 1185 901 1248 conscribillascnt
922 1188 1067 1257 pincentes
1093 1187 1219 1242 caelum?
1251 1185 1318 1242 Nec
1347 1184 1429 1242 enim

315 1300 381 1350 erat
400 1288 486 1369 qnod
512 1293 656 1363 pincentes
687 1287 888 1378 depravatum
916 1289 1054 1350 arbitrati
1080 1294 1224 1364 pigmentis
1250 1288 1427 1360 (ludelmus,

315 1395 465 1454 Oehlcrns
489 1402 592 1454 autem
611 1398 746 1470 fipmeute's
768 1404 968 1473 reponerent.
1013 1394 1156 1454 Ceterum
1178 1394 1253 1453 illud
1273 1394 1428 1470 fragmen-

314 1511 377 1560 tum
407 1497 515 1558 eadem
544 1501 765 1559 sententiarum
800 1501 1077 1580 comprehensione
1106 1502 1299 1560 coniunctum
1334 1499 1428 1557 fuisse

315 1605 450 1665 cumbis
474 1624 512 1662 ex
542 1603 650 1663 eodem
672 1595 846 1685 Marcipore
875 1609 974 1666 citatis
1008 1609 1068 1665 Utri
1087 1597 1174 1682 mepte
1195 1616 1260 1666 sunt
1275 1612 1375 1682 pueri,
1402 1607 1432 1661 ln·

312 1714 450 1786 paridisi,
472 1715 521 1784 put
539 1721 667 1784 spectent
687 1717 827 1770 nmtdlucs
841 1723 871 1770 u!
885 1718 1014 1788 mopistcr
1029 1716 1143 1770 dimittet
1157 1717 1260 1770 bessum
1276 1745 1317 1753 -
1334 1713 1428 1790 (Non.

316 1839 347 1897 p.
373 1827 436 1890 133,
464 1824 492 1878 17
517 1825 600 1896 etp.
623 1826 690 1890 114,
714 1815 767 1894 24)
798 1828 829 1877 et
860 1821 894 1877 Ut
914 1828 958 1877 eat
986 1837 1021 1876 ac
1043 1823 1237 1893 rempublicam
1261 1823 1432 1876 administret

315 1930 389 2002 qued
407 1927 478 1998 pulli
496 1928 623 1980 ieieutcnt
645 1920 739 1998 (Non.
763 1943 793 2001 p.
816 1933 881 1997 mo,
907 1923 952 2001 13)
977 1923 1015 1983 0.
1038 1925 1225 1984 Ribbeckius
1248 1921 1432 2001 significavit

316 2053 391 2092 mus.
414 2031 515 2090 Rhen.
539 2027 618 2086 XIV
642 2035 705 2098 120,
735 2029 786 2108 qui
816 2029 900 2108 qnod
920 2031 957 2088 in'
974 2049 1011 2088 ca
1034 2039 1136 2090 satura
1158 2012 1329 2090 Varronem
1350 2029 1431 2085 Mar-

318 2140 414 2218 ciperi
443 2137 482 2195 dc
510 2137 709 2193 humanarum
738 2135 936 2212 cupiditatum
962 2137 1193 2216 studicrumque
1221 2135 1372 2192 varietate
1401 2138 1432 2189 et

318 2243 520 2324 perversitate
549 2247 721 2320 praccepta
746 2240 871 2299 dedisse
907 2243 1064 2320 opinatur,
1102 2243 1208 2301 nescio
1243 2262 1283 2298 an
1314 2259 1331 2297 e
1360 2257 1431 2296 con·

318 2349 481 2410 suetudine
510 2347 744 2425 inscriptionum
772 2349 1032 2407 Varronianarum
1061 2347 1249 2426 probabilius
1279 2345 1433 2423 Marcipor

319 2455 460 2515 credatur
483 2473 535 2510 ero
560 2453 599 2511 dc
623 2455 676 2524 cis,
697 2454 788 2512 rebus
817 2473 926 2512 sensns
956 2455 1183 2532 exprompsisse
1212 2473 1297 2525 suos,
1330 2451 1432 2531 qnem-

319 2562 482 2622 admodnm
496 2561 643 2618 Horatius
666 2561 698 2617 in
722 2569 826 2618 satura
848 2559 980 2636 septime
1003 2558 1071 2618 libri
1087 2559 1216 2628 secundi
1234 2559 1292 2618 sibi
1308 2579 1327 2618 a
1342 2561 1432 2616 Davo

319 2688 408 2727 servo
433 2666 562 2725 consilia
585 2665 650 2723 dari
675 2677 705 2723 ct
727 2665 840 2742 probra
864 2665 954 2724 obiici
975 2666 1072 2742 fingit.

403 2773 521 2831 Addlte
550 2773 802 2849 interrogationis
831 2772 920 2847 signo
945 2772 1075 2829 fortasse
1104 2773 1177 2830 licet
1205 2772 1332 2830 alterum
1356 2771 1433 2829 eius-

322 2879 392 2938 dem
413 2878 562 2939 Varronis
586 2897 603 2936 e
625 2877 823 2957 Synephebis
846 2877 1019 2955 exemplum·
1041 2896 1187 2955 reparare
1211 2879 1433 2958 quod'Nonius

320 2983 425 3044 scribit
446 3005 477 3062 p.
504 2991 568 3056 156,
592 2992 624 3044 31
654 3001 751 3042 verere
778 3001 813 3056 nc
834 3002 918 3042 muna
940 3003 995 3040 nen
1018 2985 1122 3043 mittat?
1150 2987 1216 3043 Cum
1243 2992 1328 3067 lacteo
1350 2988 1434 3044 medi-

320 3095 413 3148 curius
435 3091 561 3148 honestos
584 3091 756 3146 crederemus
779 3093 848 3149 dare
865 3093 971 3162 possis,
999 3094 1091 3148 nuttet.
1137 3091 1240 3160 Quodsi
1266 3110 1320 3149 oon
1349 3095 1434 3158 mitit,

317 3199 415 3272 supter,
438 3199 464 3278 si
484 3211 526 3251 me
540 3198 649 3252 audies:
672 3214 734 3253 cum
756 3204 861 3268 tempus
875 3204 986 3254 resecat
1006 3213 1040 3254 ea
1049 3211 1181 3269 praecox
1202 3207 1244 3255 est
1261 3199 1343 3272 sirpe.
1381 3197 1435 3256 Sn-

321 3304 444 3380 periora
470 3303 524 3361 illa
552 3302 716 3379 insigniter
745 3301 916 3381 depravata
944 3321 1008 3362 non
1038 3303 1123 3381 potui
1162 3303 1343 3362 emendare:
1379 3302 1436 3362 sed

322 3409 479 3466 sententia
502 3416 548 3466 est
577 3409 610 3466 in
637 3410 813 3470 universum
836 3412 944 3489 plana,
969 3417 1002 3467 nt
1023 3408 1133 3468 mirere'
1153 3408 1287 3468 editores
1310 3409 1435 3485 fugisse,

321 3511 398 3569 lreec
427 3520 562 3570 extreme
596 3527 658 3571 cum
693 3524 799 3588 tempus
827 3525 939 3576 reuocat
966 3535 992 3573 e.
1023 3535 1052 3593 q.
1082 3535 1105 3574 s.
1136 3523 1187 3573 aut
1215 3515 1436 3592 interrogative

324 3635 392 3674 esse
415 3617 599 3696 accipienda
622 3628 673 3678 aut
701 3621 868 3695 negatione
891 3628 964 3678 ante
983 3638 1112 3692 praecox
1134 3619 1241 3679 addita
1262 3621 1294 3678 in'
1316 3631 1436 3680 centra·

323 3721 398 3780 riam
420 3724 608 3782 sententiam
631 3723 851 3782 convertenda.
897 3723 965 3782 Hoc
994 3725 1044 3804 qui
1073 3727 1254 3807 praetulerit
1281 3729 1321 3801 is,
1354 3727 1436 3808 quod

324 3846 380 3904 ege
404 3847 468 3884 non
491 3831 595 3906 magni
618 3830 713 3901 facio,
743 3830 897 3906 integrum
924 3831 1134 3891 nansciscetur
1161 3835 1330 3892 senarium:
1360 3833 1437 3892 illud

324 3934 376 4012 qui
399 3943 519 4021 secutus
543 3936 635 3993 fuerit
662 3935 751 3994 simul
779 3934 930 4018 concedet
956 3956 1038 4014 pone
1061 3941 1157 3996 audies
1180 3939 1349 3999 desiderari
1372 3940 1436 4018 qui·

323 4037 379 4096 bus
402 4039 651 4100 interlocutorum
673 4041 751 4100 alter
779 4041 869 4116 fugae
899 4042 1048 4100 rationem
1070 4043 1258 4104 immaturam
1285 4045 1436 4104 reiecerit.

325 4143 468 4202 tleterurn
491 4144 601 4202 eadem
619 4148 769 4206 Varronis
791 4147 947 4204 sententia
969 4148 1019 4205 vel
1042 4149 1118 4208 haec
1139 4150 1291 4228 posterior
1314 4149 1460 4228 quidem,

325 4249 389 4308 eius
412 4250 560 4326 particula
583 4249 666 4328 apud
690 4251 822 4310 eundem
844 4253 978 4312 Nonium
1001 4254 1072 4312 olim
1094 4253 1254 4330 legebatur
1275 4275 1306 4332 p.
1327 4265 1384 4328 150,
1408 4265 1438 4317 15
1536 4275 1545 4292 ·
1616 4259 1617 4270 ’

308 4353 375 4462 phi
397 4355 470 4412 item
489 4361 636 4430 praecocia
659 4359 801 4436 exempla
823 4359 945 4437 scripsit
963 4360 1059 4418 Ennii
1083 4358 1122 4417 de
1144 4358 1306 4420 annalibus
1331 4355 1371 4438 [v.
1387 4368 1439 4442 282
