3274 5078
864 72 1025 114 ,1‘0

323 182 337 217 0

333 310 373 370 34
807 326 970 368 manners

335 496 524 575 disputatum
546 514 614 554 esse
635 468 740 554 neseio
763 512 804 551 an
825 493 883 552 huc
905 501 977 570 apte
1000 493 1110 555 referri
1129 491 1227 572 possit
1243 493 1444 570 fragmentum

335 601 451 681 quoda
466 602 569 660 Nonio
591 601 658 660 sine
681 599 785 658 indice
807 599 877 657 libri
899 599 1022 674 citatum
1039 596 1190 658 Oehlerus
1206 601 1327 677 putavit
1345 601 1378 658 in
1398 620 1443 658 sa·

332 707 406 765 turis
433 707 532 765 locum
557 705 701 764 habuisse
733 707 804 776 Orod
824 707 890 762 miii
909 721 1018 777 somno,
1045 709 1072 762 si
1092 708 1217 764 dormitio
1240 707 1359 764 tollitur?
1396 705 1444 762 Sic

333 813 416 871 enim
437 814 556 872 Nonius
579 833 610 890 p.
633 821 726 886 100,1
748 814 891 870 Dormilio.
935 813 1027 869 Varro
1050 811 1201 884 Scenopesis
1222 820 1243 870 o·
1259 814 1340 868 stulto
1360 815 1446 868 nostri

327 921 450 990 pectoris
470 920 594 976 dormitio
616 919 751 992 vipilotis!
773 919 810 974 lli
830 920 883 974 olio
906 920 963 974 loco
983 919 1070 973 idem:
1083 919 1169 994 vquid
1189 919 1272 974 milri
1291 934 1314 974 s.
1331 937 1357 974 e.
1374 937 1403 995 q.
1419 935 1442 974 s.

332 1021 384 1079 ubi
414 1023 519 1081 nescio
556 1043 646 1102 quam
673 1021 876 1100 probabiliter
903 1020 1152 1097 Laurenbergius
1185 1024 1251 1096 quid
1283 1023 1348 1078 milri
1383 1039 1442 1077 cum

331 1144 425 1184 sommo
443 1128 616 1186 coniecerit.

417 1233 547 1312 Saepius
568 1233 628 1291 iam
650 1253 706 1310 per
727 1234 808 1292 hanc
830 1235 1117 1292 commentationem
1137 1232 1177 1290 id'
1192 1252 1289 1309 genus
1310 1253 1442 1292 errorum
1532 1247 1536 1254 “

266 1407 271 1416 ἢ
332 1339 421 1415 tetigi
453 1339 536 1418 quod
570 1358 654 1396 mera
689 1340 875 1416 singularum
911 1339 1078 1398 litterarum
1111 1341 1336 1417 permutatione
1373 1360 1442 1398 con-

332 1445 464 1503 tinetur:
486 1447 634 1522 attingam
650 1465 732 1503 nunc
748 1444 853 1502 dedita
870 1463 964 1522 opera
985 1445 1135 1502 nonnulla
1151 1464 1189 1502 ex
1205 1444 1314 1508 eodem
1329 1464 1444 1522 genere

336 1552 488 1630 exempla.
518 1551 546 1610 E
561 1559 664 1609 satura
675 1549 825 1610 Varronis
841 1548 888 1605 eui
904 1548 1078 1608 inscribitur
1092 1549 1242 1608 Hercules
1257 1559 1339 1608 tuam
1354 1551 1444 1609 fidem

333 1658 453 1718 Nonius
469 1679 501 1737 p.
518 1662 612 1730 soal
635 1657 716 1714 hane
737 1643 924 1714 sententiam
946 1653 1101 1730 perhibuit
1119 1658 1244 1726 procella
1263 1656 1369 1729 sripido
1384 1665 1445 1712 orte

333 1765 433 1820 obruat
452 1753 578 1820 celocem.
621 1764 660 1820 In
676 1782 738 1842 qna
761 1770 822 1818 oric
843 1757 925 1818 haud
948 1759 1043 1818 'dubie
1071 1760 1272 1839 depravatum
1295 1771 1358 1835 est,
1388 1761 1443 1820 sed

334 1869 472 1947 Popmae
489 1869 664 1927 coniectura
678 1877 742 1925 onte
756 1867 830 1926 mihi
846 1887 908 1924 non
925 1867 1021 1943 magis
1041 1884 1131 1945 quam
1148 1865 1273 1925 Oehleri
1289 1877 1349 1925 orta
1364 1869 1443 1925 veri-

202 2042 208 2051 ,
280 2019 283 2024 .
333 1983 427 2033 tatem
451 1977 574 2054 assequi
595 1974 731 2046 videtur,
754 1971 891 2052 nequid
914 1971 953 2030 de
977 1993 1013 2031 eo
1037 1972 1136 2030 dicam
1158 1972 1241 2052 quod
1261 1972 1293 2030 in
1316 1973 1443 2051 antiqua

334 2079 471 2140 editione
493 2080 622 2140 habetur
643 2098 719 2137 arce.
765 2081 844 2154 Puto
866 2080 1038 2156 Varronem
1063 2079 1222 2157 scripsisse
1242 2083 1367 2152 procella
1388 2083 1443 2153 sri-

331 2169 396 2262 pido
411 2191 465 2244 ode
478 2171 577 2245 otrlml
590 2187 712 2245 celocem.
751 2184 895 2243 Ceterum
916 2184 999 2263 quod
1023 2205 1061 2244 ex
1082 2183 1191 2243 eadem
1206 2192 1309 2244 satura
1323 2184 1442 2242 Nonius

333 2312 365 2371 p.
392 2297 435 2364 47,
465 2299 500 2354 28
523 2289 653 2350 tradidit
673 2292 878 2369 fragmentum
900 2312 954 2350 nou
980 2294 1125 2349 Tutilinam
1148 2309 1229 2364 qtrom
1252 2308 1300 2364 epo
1321 2295 1381 2363 ipsc
1401 2295 1442 2347 ia-

332 2416 396 2455 oooo
418 2401 492 2471 quod
512 2415 589 2455 mooe
610 2415 698 2455 cereres
720 2402 770 2455 abs
791 2409 815 2457 te
837 2401 994 2457 obsidentur
1017 2417 1084 2455 cum
1105 2395 1203 2474 proba
1223 2398 1263 2455 sit
1289 2397 1440 2475 pedestris

334 2504 430 2566 oratio
460 2501 610 2562 Oehlerus
638 2523 656 2560 a
681 2504 906 2564 Basiliensibus
936 2504 1083 2584 deceptus
1110 2501 1276 2560 horridulis
1302 2521 1435 2558 versuum

332 2609 498 2668 simulacris
521 2609 699 2687 descripsit,
728 2611 982 2690 quemadmodum
1004 2612 1086 2670 idem
1112 2611 1216 2668 nescio
1241 2609 1295 2689 quo
1316 2613 1432 2664 auctore

332 2715 578 2792 hoeAgathonis
600 2717 804 2791 fragmentum
829 2715 911 2792 apud
932 2718 1066 2775 Nonium
1088 2738 1119 2795 p.
1138 2699 1184 2788 it,
1208 2725 1222 2775 l
1250 2717 1315 2791 quid
1336 2704 1433 2769 rutilio?

329 2822 424 2894 sociiis
445 2839 506 2878 sum
528 2825 692 2894 vespertilio,
715 2835 802 2896 neque
823 2823 851 2873 in
873 2822 996 2874 aramius
1014 2825 1100 2891 plone
1127 2837 1214 2893 neque
1240 2825 1269 2877 in
1290 2821 1437 2878 volucribus

332 2945 391 2984 sum
408 2927 440 2984 in
457 2927 532 2985 duos
557 2925 582 2982 si
599 2923 645 2980 dis
661 2920 764 2998 placet
779 2921 918 2977 senarios
935 2920 1097 2980 distribuit.
1200 2965 1204 2972 .

417 3032 546 3091 Saturae
569 3025 616 3084 cui
631 3025 727 3082 Varro
750 3023 831 3081 hune
850 3023 983 3082 indicem
1004 3026 1076 3083 fecit
1096 3026 1154 3082 Est
1179 3024 1287 3082 modus
1308 3030 1442 3087 matulae

332 3133 399 3212 περὶ
422 3132 518 3212 μέθης
540 3129 743 3204 fragmentum
772 3137 817 3186 est
840 3127 923 3207 apud
944 3129 1078 3188 Nonium
1098 3150 1128 3208 p.
1149 3136 1209 3202 tlt,
1230 3135 1264 3190 ii
1289 3150 1345 3188 ison
1367 3139 1446 3192 eides

328 3248 403 3316 ipsos
424 3243 502 3306 deos,
529 3237 683 3306 siquando
705 3221 797 3293 volitat
815 3246 931 3310 pastore
951 3239 1057 3307 viauia,
1086 3238 1212 3310 demere
1235 3235 1337 3308 (immo
1361 3243 1443 3298 dero-

327 3347 408 3418 pere)
431 3344 470 3397 od
489 3342 626 3397 homimem
647 3343 719 3413 sono
742 3350 768 3398 et
780 3351 878 3400 ,lamen
901 3353 956 3400 trun
984 3347 1039 3418 ipsi
1058 3347 1098 3401 iili
1116 3347 1214 3402 Libero
1236 3349 1351 3418 simpuio
1374 3351 1440 3403 oini-

301 3437 304 3444 ’
330 3453 404 3505 tori?
431 3441 500 3504 Erit
526 3446 578 3524 qui
598 3445 674 3504 inde
695 3465 808 3506 novum
823 3450 950 3509 verbum
971 3455 1082 3508 vinitori
1101 3449 1174 3510 addi
1187 3450 1301 3536 ¹leriei's
1325 3439 1438 3509 iubeat.

281 3627 282 3630 Ἰ
330 3539 517 3611 Prudentius
530 3552 556 3608 is
574 3551 698 3629 quidem
712 3552 818 3611 hercle
834 3571 923 3632 quarn
937 3553 1087 3615 Oehlerus
1104 3557 1156 3634 qui
1172 3556 1352 3614 ‘certissima
1368 3577 1438 3614 con-

330 3656 457 3718 iectura'
489 3661 611 3713 avidiori
636 3676 793 3736 reponens
825 3660 1011 3717 sententiam
1039 3661 1139 3719 effecit
1175 3680 1255 3740 quae
1285 3681 1350 3719 eum
1379 3662 1439 3739 ipsi

330 3754 547 3841 ‘lepidissima’
567 3760 698 3836 dicatur,
720 3763 793 3821 mihi
815 3785 873 3823 nee
895 3785 971 3826 sana
994 3785 1062 3824 esse
1085 3785 1143 3824 nec
1168 3786 1184 3824 e
1209 3766 1312 3825 verbis
1336 3766 1438 3842 colligi

333 3885 424 3948 posse
450 3866 599 3926 videatur.
638 3868 702 3928 sed
723 3878 753 3928 et
771 3871 894 3949 Lipsius
916 3893 934 3930 a
954 3873 1083 3930 veritate
1106 3871 1259 3930 aberravit
1285 3893 1350 3930 eum
1376 3875 1438 3929 vino

332 3975 397 4030 (tciri
417 3973 549 4032 Varroni
564 3975 682 4032 restitui
698 3976 802 4034 vellet.
837 3979 879 4036 Et
892 3987 994 4037 tamen
1011 3979 1141 4057 pristina
1156 3979 1305 4056 scriptura
1320 3976 1438 4055 pridem

241 4154 242 4158 Ἰ
333 4081 366 4137 in
395 4077 531 4136 editione
557 4099 584 4136 a.
607 4089 676 4142 isso
697 4081 964 4143 circumferebatur
982 4089 1036 4157 ipsi
1055 4088 1095 4140 ilii
1114 4086 1212 4142 Libero
1234 4086 1349 4154 simpuio
1369 4085 1435 4138 inri-

334 4189 391 4241 lori
410 4185 442 4242 in
460 4184 569 4262 quibus
585 4185 721 4244 dativum
742 4187 786 4245 sio
801 4188 987 4266 interpretor
1002 4198 1034 4247 ut
1049 4190 1088 4248 sit
1107 4191 1140 4247 in
1160 4190 1308 4247 honorem
1322 4187 1435 4247 Liberi.

330 4289 470 4355 Invitoudi
491 4301 592 4349 autem
615 4291 741 4350 verbum
766 4291 873 4350 itidem
889 4294 986 4352 Varro
1008 4295 1166 4372 usurpavit
1188 4296 1221 4352 in
1244 4295 1437 4374 Sesquiulixe
