3274 5078
283 325 305 383 4
714 345 718 354 ·
753 329 919 380 'susurrem

284 513 375 571 facile
405 511 501 569 Paulo
524 508 663 568 Merulae
691 506 825 572 confidat
854 507 906 585 qui
932 507 965 564 in
993 505 1091 564 Ennii
1120 505 1257 564 editione
1285 525 1316 583 p.
1344 512 1396 566 459

284 639 317 678 se
334 620 366 677 in
383 617 490 677 codiee
504 616 618 692 legisse
635 613 798 673 contendit
813 619 894 673 lulius
915 619 941 670 ct
955 619 1078 670 tenerent
1092 621 1201 684 mortes,
1225 612 1271 670 cui
1292 610 1397 669 fallaci

283 723 485 784 fundamento
509 741 594 781 suam
615 727 840 800 superstrueret
862 718 1068 778 coniecturam
1083 723 1165 776 tutius
1179 724 1309 786 intentent
1321 737 1395 780 mor.-

283 838 322 888 les
345 839 370 888 cl
391 832 510 903 foedera
536 833 638 887 tollunt.
685 827 761 887 Cum
782 825 842 892 fide
864 827 964 884 factae
991 844 1175 903 quamquam
1203 825 1299 885 nihilo
1324 845 1395 904 pro·

282 932 450 993 babiliores
474 943 544 1005 sunt
567 944 689 993 ceterae
719 931 881 1012 quas‘vicfi
910 931 1081 989 criticorum
1104 931 1325 989 correctiones:
1356 949 1396 987 ne

284 1037 419 1116 losepho
454 1039 579 1118 quidem
602 1040 758 1117 Scaligero
788 1057 936 1117 prospere
967 1037 1155 1096 emendandi
1183 1057 1277 1115 opera
1306 1037 1398 1095 cessit
1443 1106 1454 1120 ,

284 1144 367 1200 cuius
385 1145 590 1216 coniecturam
606 1152 674 1204 tanti
695 1143 821 1219 temperi'
844 1160 875 1201 se
896 1155 999 1202 montes
1020 1153 1046 1201 el
1064 1147 1181 1219 foedera
1198 1145 1285 1198 tollent
1298 1142 1396 1201 Fran·

285 1250 381 1309 ciscus
410 1252 518 1310 Dousa
547 1255 682 1332 recepit:
716 1272 756 1310 ne
788 1249 863 1331 quid
898 1251 998 1309 dicam
1028 1258 1079 1308 aut
1107 1249 1145 1308 de
1176 1249 1245 1306 Iani
1271 1248 1396 1306 Dousae

285 1357 475 1416 correctione
504 1364 572 1416 tanti
593 1361 629 1416 Se
652 1362 817 1432 tempestatis
846 1367 949 1417 montes
971 1361 1009 1414 ud
1029 1359 1122 1414 sideru
1144 1359 1252 1422 tollunt,
1281 1363 1334 1414 eut
1358 1354 1397 1412 de

285 1462 431 1546 Palmerii
454 1465 605 1541 scriptura
627 1468 709 1521 tentis
732 1467 852 1538 imperiis
870 1462 934 1542 (vel
956 1459 1097 1539 emporiis)
1114 1464 1269 1522 arentesud
1280 1465 1397 1519 saedere

286 1567 319 1646 (i.
348 1587 374 1626 e.
401 1566 518 1646 sydera)
543 1573 649 1642 tollent,
670 1548 773 1648 ¹quam
802 1589 869 1627 cum
904 1589 998 1628 unam
1025 1578 1140 1628 rectam
1171 1551 1293 1646 putaret
1320 1565 1396 1626 Ger·

285 1675 401 1734 lachius
424 1695 488 1733 non
506 1673 659 1733 dubitavit
680 1683 784 1732 tamen
807 1695 861 1734 suo
878 1677 1014 1754 periculo
1039 1695 1243 1754 corrumpere.
1281 1673 1311 1734 Α
1326 1674 1397 1732 Pal·
1447 1729 1451 1746 ,

283 1782 371 1840 merii
386 1781 523 1861 denique
545 1781 720 1839 coniectura
744 1782 899 1860 profectus
923 1803 986 1841 non
1001 1784 1102 1863 ‘multo
1125 1783 1179 1840 illa
1201 1781 1397 1840 verisimilius

283 1888 458 1946 Diintaerus
476 1886 558 1966 apud
578 1887 774 1947 Gerlachium
796 1888 906 1967 reponi
927 1890 1023 1948 suasit
1045 1894 1126 1946 tantis
1148 1891 1281 1961 cremplis
1296 1894 1398 1944 mentes

283 1997 435 2050 adsidere
459 1987 557 2052 tollent.
595 1995 709 2072 Itaque*
729 1995 830 2054 denuo
855 1995 1038 2053 ordiendum
1061 2003 1108 2053 est
1130 2016 1148 2052 a
1169 1994 1314 2054 librorum
1335 2012 1397 2051 me-

284 2099 379 2158 moria
395 2117 486 2178 quam
501 2099 595 2177 longe
611 2101 678 2159 istis
695 2100 833 2160 omnibus
849 2102 950 2160 lenius
965 2101 1136 2182 mihi-visus
1151 2121 1216 2164 sum
1232 2102 1290 2159 hoc
1305 2099 1396 2158 modo

283 2205 453 2282 integritati
476 2205 670 2268 vindicasse:

439 2369 520 2425 Tanti
539 2385 569 2424 se
591 2373 674 2426 terris
696 2377 799 2427 orontes
820 2371 863 2444 eis
881 2380 975 2427 uetera
998 2375 1095 2428 tollent.

283 2531 333 2587 De
356 2530 473 2615 graecis
502 2529 628 2588 vocibus
661 2551 737 2610 quas
766 2552 873 2611 presse
902 2542 1023 2592 secutus
1052 2532 1197 2592 traditam
1219 2509 1408 2612 scripturam

285 2632 394 2694 refinxi
423 2635 455 2692 in
484 2635 543 2692 hoc
571 2640 664 2712 poeta
694 2656 757 2694 non
787 2646 834 2696 est
863 2639 945 2717 quod
968 2639 1063 2697 verbo
1093 2648 1261 2698 moneatur.
1309 2637 1397 2697 Oete·

283 2762 349 2799 rum
370 2741 452 2798 hunc
472 2759 595 2799 versum
617 2741 827 2801 hexametrum
850 2764 913 2801 non
940 2765 1031 2823 posse
1054 2747 1087 2804 in
1111 2768 1146 2805 eo
1170 2747 1254 2806 unde
1277 2747 1397 2805 Nonius

284 2847 390 2904 orlavu
423 2846 501 2906 noro
531 2847 678 2907 xxvru
712 2849 811 2908 locum
844 2849 989 2911 habuisse
1017 2854 1231 2936 ascomannos
1265 2854 1300 2911 in
1329 2873 1398 2932 pro·
1480 2838 1483 2845 '

285 2954 383 3012 oemio
411 2953 523 3012 iudicis
555 2955 725 3013 scholarum
755 2957 1006 3017 Berolinensium
1035 2961 1220 3018 aestivarum
1250 2961 1324 3018 anni
1354 2961 1398 3018 LI

284 3079 315 3137 p.
347 3071 363 3120 ὑ
393 3058 570 3119 observavit
598 3062 737 3139 pluribus
771 3064 886 3124 ibidem
920 3066 979 3124 hoe
1007 3085 1105 3142 genus
1142 3086 1275 3126 errorum
1303 3068 1398 3127 Nonii

284 3174 472 3244 persecutus.
483 3209 486 3212 -

368 3271 420 3330 Ad
448 3273 577 3334 similem
607 3278 794 3338 emendandi
817 3281 969 3340 rationem
997 3294 1110 3341 revoco
1138 3282 1249 3341 Lucilii
1278 3302 1398 3341 versum

285 3395 375 3456 quem
391 3377 510 3437 Nonius
528 3402 558 3460 p-
575 3393 634 3457 382,
652 3394 684 3446 Ἡ
705 3387 841 3466 scripsit:
867 3389 1007 3466 Rttmpc're
1022 3392 1196 3464 desetipare.
1221 3434 1228 3448 .
1253 3434 1260 3448 .
1285 3433 1292 3446 .
1316 3379 1398 3446 Luci-

283 3485 336 3540 lius
357 3484 401 3539 lib.
424 3485 528 3541 XXX:
556 3506 649 3558 quae
670 3497 844 3562 quondam
862 3502 993 3568 populi
1019 3501 1093 3554 oris
1119 3512 1227 3553 auras
1247 3503 1424 3578 pectora.

284 3591 423 3659 rumpit.
473 3591 511 3648 In
535 3591 644 3670 quibus
672 3615 766 3654 unum
794 3607 877 3656 recte
892 3608 979 3677 puto
1009 3602 1102 3659 Ianus
1124 3602 1236 3659 Dousa
1268 3603 1401 3660 correxit

284 3698 373 3766 rupit,
403 3713 470 3752 cum
500 3698 596 3756 altera
627 3702 763 3761 eiusdem
790 3706 967 3764 coniectura
990 3711 1174 3781 popularitas
1201 3721 1280 3769 non
1300 3710 1399 3789 possit

284 3798 418 3877 probari.
463 3803 530 3862 Nec
553 3825 571 3862 a
594 3809 703 3867 ceteris
733 3813 785 3891 qui
814 3813 872 3872 hoc
900 3813 1104 3890 fragmentum
1131 3816 1300 3892 tetigerunt
1327 3835 1396 3894 pro-

221 3907 223 3911 ’
284 3907 376 3966 latam
412 3910 663 3978 emendationem
690 3917 755 3975 vidi
788 3920 819 3978 in
857 3940 917 3998 qua
952 3919 1044 3978 facile
1080 3923 1290 4000 acquiescas..
1320 3921 1396 4000 Quis

286 4015 367 4072 enim
389 4015 501 4074 Lucilii
529 4039 651 4080 manum
680 4025 843 4100 agnoverit
871 4025 924 4083 vel
950 4027 983 4083 in
1014 4046 1049 4084 eo
1066 4028 1162 4108 -quod
1191 4029 1321 4106 margini
1351 4031 1401 4088 eui·

288 4121 421 4197 exempli
452 4123 558 4182 Iunius
593 4127 756 4208 adscripsit
784 4133 885 4204 pepuli
909 4133 981 4205 foris
1008 4133 1060 4191 vel
1087 4135 1119 4191 in
1151 4133 1295 4194 Gulielmi
1331 4137 1395 4214 opi-

288 4227 413 4285 natione
439 4235 538 4302 populi
556 4241 657 4290 oreos?
687 4234 804 4311 Quibus
827 4238 920 4315 paulo
944 4258 1019 4296 sane
1042 4237 1231 4316 probabilior
1254 4249 1300 4299 est
1321 4242 1395 4302 Dio.-

287 4337 370 4414 nysii
394 4337 579 4399 Gothofredi
609 4340 742 4417 suspicio
763 4346 860 4417 populi
885 4363 937 4401 ora
964 4354 1094 4402 aurose!
1122 4364 1212 4423 quam
1240 4345 1396 4423 paululum
