3274 5078
277 338 296 398 6
751 352 916 394 anensem
980 353 982 364 ⁴

276 522 522 584 EVarronianis
544 522 653 580 saturis
675 521 734 579 huc
756 521 893 598 pertinet
908 519 991 598 quod
1005 520 1087 578 Non.
1105 539 1136 598 p.
1157 527 1217 592 229,
1233 526 1268 580 23
1289 536 1389 593 uepre-

277 638 322 686 net
344 630 410 686 sive
438 633 590 698 eepreenet
617 627 727 703 legitur
749 645 804 704 pro
828 626 961 698 refrenet.
1005 628 1086 684 Flete
1114 627 1206 703 igitur
1234 646 1298 684 eum
1322 645 1391 703 pro·
1427 699 1436 710 Ι

276 732 422 792 babiliter
443 733 618 792 Dtiutzerus
641 731 842 802 restituisset,
872 750 978 809 parum
1006 729 1110 790 ta'men
1138 730 1221 789 idem
1248 730 1391 789 librorum

277 841 441 898 memoriae
464 837 605 916 pepercit
626 856 693 896 cnm
715 845 811 896 totum
833 856 955 896 versum
976 838 1020 895 ita
1042 838 1151 915 refingi
1174 836 1318 896 suaderet

430 976 511 1032 Nullo
533 975 652 1043 honere,
674 976 748 1030 nullo
767 976 846 1046 fletae,
870 976 944 1030 nullo
963 974 1076 1047 sunere.

278 1114 372 1171 Immo
396 1113 469 1168 nullo
492 1130 551 1188 quo
588 1125 692 1166 carere
721 1128 784 1166 non
814 1127 973 1186 possumus
1003 1129 1086 1187 pone
1106 1113 1172 1184 fletu
1194 1108 1276 1167 haud
1301 1107 1392 1167 dubie

276 1214 433 1275 intercidit
461 1216 536 1274 vitio
566 1212 815 1293 frequentissimo
849 1233 908 1291 quo
939 1213 1021 1292 quod
1043 1214 1091 1272 bis
1120 1213 1309 1272 efferendum
1337 1195 1422 1270 mit'

278 1321 393 1381 librarii
415 1321 512 1380 semel
533 1319 724 1378 scribebant:
753 1320 796 1374 dis
818 1326 918 1376 antem
942 1317 1093 1396 syllabam
1122 1337 1201 1397 quae
1224 1338 1287 1376 non
1310 1325 1392 1374 recte

278 1447 344 1487 cum
363 1432 438 1501 plecte
461 1427 574 1486 coaluit
600 1425 756 1485 residuam
787 1443 854 1482 esse
879 1422 918 1482 de
942 1421 1037 1480 verbo
1066 1422 1195 1480 arbitror
1223 1421 1305 1500 quod
1327 1439 1393 1478 eon·

277 1537 319 1590 dis
349 1529 438 1612 (edis)
466 1533 532 1590 sive
559 1535 652 1588 reddis
687 1549 755 1588 esse
784 1531 883 1609 potuit
913 1549 949 1588 eo
977 1549 1033 1586 usu
1069 1548 1128 1608 quo
1162 1537 1323 1606 utrumqne
1354 1526 1393 1585 ‹le

276 1635 431 1698 humando
457 1658 586 1717 corpore
613 1645 793 1715 usurpatur:
823 1635 906 1694 unde
935 1636 1013 1693 haec
1040 1634 1145 1713 prodit
1172 1635 1264 1693 totius
1287 1653 1393 1692 versus

278 1747 478 1806 conformatio

430 1874 513 1929 Nello
534 1874 639 1928 honere
660 1870 769 1940 cdnclr’s,
788 1870 857 1940 fletu
878 1869 969 1940 atillo,
993 1872 1067 1926 nullo
1086 1870 1199 1942 serere.

280 2024 497 2112 septenarium
518 2021 703 2112 trochaicum
725 2021 858 2092 restitui,
890 2021 938 2088 cui
966 2023 1010 2080 rei
1034 2022 1119 2079 favet
1142 1999 1223 2100 qnod
1247 2022 1279 2078 in
1308 2020 1394 2078 Basi-

278 2130 421 2188 liensium
445 2127 569 2207 quidem
593 2125 731 2185 editione
756 2146 771 2184 e
794 2127 924 2185 XXVII
947 2127 1055 2184 citatur
1077 2127 1296 2203 fragmentum:
1324 2147 1395 2184 nam

278 2236 425 2295 XXVIII
451 2233 560 2292 librum
584 2233 631 2290 cui
655 2232 693 2291 ob
712 2234 844 2292 Merceri
866 2233 1073 2292 testimonium
1097 2234 1190 2310 vulgo
1213 2232 1395 2292 adscribitur

278 2341 495 2401 Lachmannus
523 2340 653 2398 senariis
685 2341 884 2419 compositum
907 2340 1002 2398 fuisse
1031 2341 1148 2399 monuit
1175 2341 1207 2398 in
1237 2339 1393 2416 prooemio

278 2449 390 2507 indicis
414 2443 584 2506 scholarum
606 2447 853 2506 Beroliuensium
877 2448 1061 2505 aestivarum
1084 2446 1158 2503 anui
1181 2445 1291 2503 XLIX
1313 2465 1344 2522 p.
1369 2453 1393 2505 3.

364 2553 511 2631 Quintum
535 2551 670 2630 denique
700 2552 782 2631 quod
811 2555 884 2612 mihi
913 2552 952 2611 de
982 2552 1116 2630 compari
1145 2549 1258 2609 mendo
1288 2543 1394 2628 suspe-

279 2668 359 2718 ctum
388 2665 436 2715 est
457 2657 567 2714 Lucilii
597 2657 802 2734 fragmentum
829 2659 921 2734 vulgo
951 2659 983 2716 in
1014 2657 1120 2718 eodem
1149 2657 1225 2716 libro
1248 2657 1396 2716 XXVIII

278 2763 408 2824 habetur
436 2761 520 2821 unde
550 2770 652 2820 tamen
682 2783 748 2821 cum
776 2764 945 2822 hexametri
978 2783 1120 2822 numeros
1149 2783 1224 2843 prae
1253 2785 1287 2824 se
1316 2766 1396 2824 ferat

279 2877 429 2948 sumptum
458 2886 525 2926 esse
555 2888 618 2926 non
643 2869 751 2947 potuit.
802 2869 914 2928 Scribit
937 2878 1037 2928 autem
1059 2870 1178 2928 Nonius
1208 2891 1238 2950 p.
1262 2881 1321 2944 339,
1346 2881 1394 2934 31:
1471 2938 1475 2946 Ι

278 2979 383 3050 Lepere
404 2977 549 3048 surripere
571 2977 706 3047 sipnr'ficet
729 3018 735 3031 .
767 3018 774 3032 .
806 3019 812 3033 .
845 3019 851 3034 .
880 2967 1000 3032 Lucilibs
1022 2979 1068 3033 lie.
1097 2979 1254 3035 XXVIII:
1282 2952 1407 3035 omnia.

278 3084 430 3140 viscatis
452 3082 614 3138 manibus
635 3085 742 3155 tepet:
766 3090 796 3139 et
812 3082 933 3160 plenius
949 3081 1032 3140 idem
1047 3103 1078 3160 p.
1094 3090 1154 3154 396,
1171 3093 1203 3144 5:
1227 3087 1342 3144 Sumere
1357 3093 1397 3142 est

278 3193 415 3262 accipere,
438 3189 555 3244 tollere.
580 3229 587 3244 .
612 3229 619 3244 .
643 3188 766 3244 Lucilius
781 3190 825 3246 lib.
841 3189 1000 3245 XXVIII:
1023 3192 1136 3245 omnia
1159 3195 1309 3248 viscatis
1330 3210 1393 3247 nra·

279 3299 381 3352 nibus
404 3298 511 3368 tepet,
535 3295 668 3380 ornain,
699 3294 810 3350 Crede
832 3297 927 3366 mibi,
948 3311 1073 3367 presse
1095 3296 1247 3368 auferet
1268 3300 1395 3353 omnis:

278 3398 330 3458 ubi
359 3401 427 3477 ipso
455 3397 558 3457 Nonio
591 3395 723 3458 ducente
753 3399 874 3478 pridem
904 3400 1038 3460 editores
1069 3405 1159 3458 omnio
1189 3410 1285 3458 sumet.
1331 3400 1395 3459 Sed

279 3500 365 3561 labes
381 3520 460 3580 quae
484 3502 613 3558 alterum
636 3505 798 3580 occupavit
813 3507 996 3564 versiculum
1018 3506 1155 3564 nondum
1177 3505 1302 3564 videtur
1324 3527 1394 3584 pro·

278 3607 424 3667 babiliter
446 3607 576 3667 sublata.
621 3609 780 3668 Licentius
811 3612 890 3668 enim
915 3613 1008 3670 Ianus
1032 3613 1138 3670 Dousa
1155 3629 1231 3684 prae
1252 3630 1312 3670 sese
1334 3622 1396 3687 epet

279 3734 314 3772 ee
339 3705 415 3788 feret
441 3718 548 3787 omnia,
584 3714 753 3774 modestius
784 3717 908 3795 quidem
938 3738 997 3776 nee
1024 3726 1129 3775 tamen
1162 3719 1270 3778 melius
1296 3719 1394 3778 Auso·

279 3822 347 3880 nius
371 3809 490 3898 Popma
506 3837 607 3894 presse
629 3838 675 3878 res
697 3823 807 3895 auferet
828 3828 928 3890 omm's,
958 3823 1040 3904 quod
1065 3824 1246 3885 Gerlachius
1271 3845 1393 3902 expres-

172 3961 181 3976 ·
279 3927 327 3984 eit.
378 3927 457 3986 Nam
482 3945 580 4000 presse
607 3928 638 3986 in
671 3949 730 4006 quo
761 3939 884 4006 praeter
911 3932 1049 3990 Dousam
1083 3953 1172 3992 nemo
1204 3931 1303 3988 haesit
1331 3949 1393 3987 non

280 4040 327 4090 est
360 4034 412 4111 qui
441 4033 599 4093 commode
627 4032 828 4094 defendatur:
864 4049 897 4094 ut
925 4057 965 4095 ne
994 4038 1131 4096 Merulae
1164 4035 1287 4115 quidem
1314 4035 1394 4094 hanc

279 4139 459 4216 scripturam
488 4155 589 4213 presse
621 4142 732 4212 auferet
765 4145 855 4198 omnic
889 4141 1022 4220 probare
1057 4141 1208 4219 Corpetus
1243 4139 1392 4198 debuerit.

280 4245 376 4302 Immo
405 4263 452 4303 res
485 4264 575 4325 quam
604 4263 711 4302 vocem
741 4244 911 4304 desiderari
941 4253 1027 4305 omnis
1061 4245 1177 4306 indicio
1208 4255 1256 4305 est
1286 4246 1393 4305 delite-

280 4369 366 4407 scere
382 4349 415 4407 in
435 4367 532 4422 presse
553 4351 691 4428 suspicor
720 4350 801 4428 quod
824 4352 881 4410 fuit
904 4352 975 4411 olim
995 4368 1040 4408 res
1061 4369 1099 4410 se.
1144 4353 1264 4430 Nempe
1285 4353 1394 4412 lacuna
