3274 5078
704 375 850 416 somnus.
1294 353 1334 416 25

215 549 300 620 pinea
318 547 378 620 fax
399 544 525 623 tirmiter
546 544 647 602 teneri
670 542 772 602 debet.
819 542 866 603 Of.
889 543 928 602 A.
944 542 1148 602 Rossbachius
1173 541 1213 602 de
1234 543 1336 604 matri·

217 652 321 710 monio
344 652 485 713 Romano
508 672 539 730 p.
562 659 623 714 339.

196 821 201 827 ἱ
303 755 432 836 Absque
448 756 704 816 homoeoteleuto
727 753 782 812 sed
814 755 910 814 nihilo
934 756 1081 814 incertius
1104 755 1228 833 videtur
1254 756 1336 816 laeu-

135 888 138 898 ·
220 883 279 921 nae
301 863 450 922 indic-ium
471 864 504 921 in
527 863 586 922 hoo
612 863 784 938 fragmento
808 861 892 940 apud
913 857 1094 941 Nonium'p.
1116 869 1158 934 78,
1185 871 1219 924 10
1245 864 1337 919 Varro

221 971 345 1044 Oelopesi
364 965 432 1047 περὶ
456 959 660 1046 νομισμάτωνε
689 973 723 1026 in
751 987 818 1042 quo
840 971 993 1026 nobilius
1021 976 1069 1026 est
1091 970 1335 1044 philippium,

219 1077 311 1150 quod
332 1079 539 1150 accipimur,
569 1095 670 1150 quum
692 1077 782 1148 quod
810 1076 970 1158 bibimus,
1000 1092 1072 1132 cum
1100 1062 1259 1132 alterum
1282 1075 1336 1130 ud-

106 1257 115 1262 ·
219 1183 342 1238 dumus
364 1185 398 1238 iu
420 1185 573 1255 bulpum,
597 1185 748 1238 alierum
769 1185 805 1236 in
828 1184 988 1238 uesicam.
1034 1181 1073 1240 In
1098 1179 1207 1260 quibus
1223 1183 1338 1238 nobilius

220 1277 428 1347 non‘mutabo
453 1289 582 1348 oum-H.
605 1287 644 1346 A.
667 1287 787 1344 Koohio
813 1287 865 1365 qui
889 1287 928 1345 de
951 1286 1113 1376 nobilitate
1136 1285 1179 1345 ibi
1201 1287 1261 1358 nil,
1298 1284 1337 1346 de
1385 1338 1390 1345 .

219 1393 351 1453 utilitate
369 1395 475 1474 quaeri
492 1385 654 1452 arbitratus
677 1395 753 1450 nobis
782 1395 873 1449 utilius
899 1393 1115 1472 reponendum
1138 1393 1276 1453 -oonieoit
1304 1393 1337 1452 in

152 1529 160 1544 ·
203 1481 492 1582 ‚exercitationibus
515 1520 546 1580 Ρ.
570 1507 614 1562 27.
647 1501 729 1561 Illud
758 1502 851 1560 miror
873 1501 1029 1559 neminem
1047 1500 1174 1573 vidisse,
1198 1515 1338 1558 manuum

221 1627 289 1666 esse
312 1609 498 1667 sententiam
520 1607 580 1666 nisi
605 1607 759 1667 definitius
783 1607 957 1684 significato
978 1627 1014 1666 eo
1039 1603 1123 1686 quod
1145 1605 1274 1680 bibitur,
1304 1605 1338 1664 id

222 1713 304 1794 quod
329 1719 387 1790 eg'o
410 1713 603 1772 librariorum
625 1711 768 1773 socordia
790 1711 955 1771 interiisse
968 1714 1116 1792 suspicor.
1156 1712 1238 1773 Vide
1256 1713 1337 1770 onim

221 1840 261 1878 an
283 1841 347 1879 non
365 1821 489 1898 egregie
511 1821 558 1879 vis
575 1821 672 1900 lepidi
690 1819 763 1878 die-ti
786 1825 915 1895 augetur
930 1819 955 1876 si
978 1820 1030 1877 vel
1047 1819 1110 1890 hoe
1132 1818 1222 1877 modo
1247 1837 1338 1897 quem

222 1927 355 2005 exempli
384 1928 483 2004 gratia
509 1948 651 2006 propono
679 1926 874 2005 suppleveris
899 1925 933 1980 In
963 1943 1016 1998 quo
1043 1926 1157 1981 nobilius
1179 1932 1219 1981 esl
1235 1925 1343 1996 philip?

217 2012 300 2110 peum
323 2036 396 2108 quod
409 2037 559 2107 accipimus
574 2053 655 2107 quum
671 2024 834 2106 [κύπελλον
853 2036 922 2105 uiui]
936 2035 1009 2106 quod
1029 2033 1150 2089 bibimus.
1196 2029 1339 2088 Ceterum

221 2160 285 2198 non
309 2148 374 2197 erat
397 2140 480 2218 quod
497 2141 568 2199 olim
590 2143 623 2199 in
647 2143 782 2197 addamus
804 2139 969 2197 haerentes
985 2139 1037 2196 vel
1053 2140 1187 2226 abdumus
1203 2137 1255 2194 vel
1272 2154 1337 2191 eon-

221 2251 318 2305 dumus
340 2256 539 2326 reponerent.
577 2247 636 2306 Illa
651 2264 726 2305 voce
743 2245 840 2304 Varro
863 2246 897 2302 in
920 2247 1055 2325 eompari
1073 2243 1230 2304 sententia
1245 2242 1339 2299 utitur

223 2374 239 2412 e
263 2354 429 2431 Sexagessi
453 2351 535 2430 apud
558 2353 693 2411 Nonium
716 2373 746 2430 Ρ.
772 2360 830 2426 187,
855 2361 889 2414 20
911 2355 953 2410 Eo
975 2360 1005 2409 ul
1026 2356 1152 2408 uiaticum
1181 2365 1219 2405 ecc
1240 2349 1339 2404 arcula

222 2463 352 2516 adderem
374 2463 402 2514 in
425 2460 531 2533 bulpum
556 2479 645 2540 quam
670 2459 797 2518 Oehleri
820 2458 1021 2536 neglegentia
1043 2455 1187 2533 eorrupit.

306 2564 509 2622 Parmenonis
526 2565 731 2643 fragmentum
755 2574 802 2624 est
825 2563 971 2644 quod-bis
994 2563 1096 2621 attulit
1110 2562 1230 2621 Nonius
1246 2582 1277 2640 p.
1295 2569 1337 2634 28,

152 2691 156 2702 ·
221 2679 237 2732 9
257 2673 402 2744 compedes
422 2689 477 2727 nou
499 2691 516 2727 α
537 2673 654 2745 pedibus
675 2675 763 2730 diotre
791 2675 841 2730 sed
861 2675 896 2729 ab
918 2674 1118 2748 impedimento.
1171 2671 1262 2726 Varro
1280 2713 1287 2726 .
1305 2712 1337 2726 ..

170 2839 173 2845 Δ
222 2778 300 2835 Idem
327 2781 522 2836 Parmenone:
550 2781 735 2850 lepusculi
767 2784 931 2836 limentes
958 2780 1020 2834 lioe
1048 2757 1339 2852 quadrangulum

222 2888 327 2944 Iledll
347 2887 462 2942 Diana
494 2890 570 2940 rete
599 2888 721 2942 nexile
748 2887 899 2942 arctius
928 2885 1068 2941 Viscum
1093 2883 1217 2957 supum
1245 2885 1337 2938 line·
1365 2906 1366 2910 ¹

222 3009 343 3076 amque
371 2991 573 3062 compedum
604 2997 634 3048 et
662 3011 693 3069 Ρ.
723 2999 784 3066 451,
808 2999 842 3053 25
872 2995 974 3060 ubuum
991 2992 1114 3064 positum
1138 3007 1193 3062 pro
1221 2996 1293 3057 rete,
1322 3005 1340 3042 u

223 3103 373 3157 leuucilule.
425 3099 518 3155 Varro
540 3097 732 3156 Parmenone:
765 3101 945 3172 lepusculi
977 3098 1133 3154 timentis
1166 3096 1229 3151 boc
1261 3111 1339 3167 quu-

223 3185 436 3282 drunpulum
467 3207 563 3263 dedit
588 3208 705 3264 Diuuu
733 3215 810 3264 rele
843 3206 968 3261 neuile
996 3211 1053 3258 ulu
1083 3203 1225 3258 Viscum
1253 3201 1340 3275 fupe

223 3318 421 3388 lineumque
444 3315 645 3386 conpellant.
679 3311 855 3388 Tetigihos
868 3330 975 3383 versus
990 3311 1024 3368 in
1041 3307 1249 3368 coniectaneis
1262 3327 1292 3384 p.
1306 3315 1341 3369 96

222 3419 275 3478 ubi
289 3421 381 3497 vulgo
398 3439 462 3478 uon
477 3427 561 3477 reete
577 3438 660 3497 pone
675 3421 897 3493 quadrunpulum
913 3416 1093 3495 interpungi
1109 3413 1259 3472 adnotavi
1274 3407 1341 3473 oum

209 3543 261 3584 'ea
288 3545 351 3584 vox
378 3546 443 3584 non
466 3546 484 3584 a
507 3531 621 3583 timentis
649 3525 701 3584 vel
723 3529 843 3584 limentes
865 3523 1029 3604 participio
1058 3519 1113 3581 sed
1138 3520 1246 3580 abhis
1269 3523 1342 3578 dedit

222 3634 317 3690 Diana
344 3642 378 3694 ut
406 3633 527 3712 reliqua
555 3651 708 3710 suspensa
736 3631 837 3690 fuerit.
890 3628 1019 3690 Omissis
1049 3629 1158 3688 ceteris
1187 3647 1272 3686 nuno
1301 3624 1340 3686 de

126 3799 130 3812 ,
223 3737 313 3795 tertio
336 3756 428 3796 versu
452 3737 551 3797 dicam
579 3759 669 3818 quem
693 3739 749 3797 etsi
776 3738 863 3796 multi
885 3737 979 3799 variis
1003 3733 1186 3800 coniecturis
1209 3740 1339 3812 tempta-

186 3835 190 3841 ’
223 3843 285 3902 rint
307 3843 446 3902 nondum
468 3844 669 3924 probabiliter
696 3845 869 3904 restitutum
892 3842 1030 3926 arbitror.
1074 3843 1124 3900 En
1153 3837 1249 3896 habes
1277 3858 1344 3900 uno

225 3959 393 4029 conspeetu
417 3970 495 4031 quae
520 3952 592 4010 olim
616 3952 790 4028 excogitata
805 3958 877 4008 sunt
900 3968 1027 4029 quorum
1050 3968 1120 4026 pars
1136 3946 1261 4022 linguae
1284 3925 1341 4002 usu

224 4057 275 4116 vel
296 4058 454 4117 sententia
470 4057 532 4115 alia
547 4057 806 4138 improbabilitate
821 4055 998 4115 mutationis
1013 4061 1215 4132 respuuntur:
1237 4057 1342 4110 ebrum

221 4165 389 4239 fugamqum
411 4170 513 4222 viseum
526 4166 666 4240 segelum
688 4169 790 4222 viscum
813 4179 959 4238 superium
981 4165 1111 4220 visorium
1127 4162 1245 4235 fundum
1263 4159 1340 4219 Ger-

122 4341 128 4346 ·
224 4270 332 4346 laohii3
356 4275 458 4330 viseum
479 4275 604 4347 fucatum
629 4270 765 4331 Oehleri.
801 4271 912 4330 Senius
935 4267 1076 4348 profesto
1104 4267 1170 4326 istis
1201 4267 1340 4328 omnibus

224 4379 380 4439 Moreerus
403 4384 504 4438 viseum
524 4381 623 4454 fugai,
648 4377 733 4456 ‘quia
748 4379 863 4436 viseum
885 4375 1006 4436 inhibet
1028 4392 1064 4432 ae
1078 4375 1192 4436 retinet
1214 4375 1340 4453 lugam?
