3274 5078
733 353 880 394 uouisse.
936 351 939 358 ·
1346 329 1365 391 3

253 522 410 584 Gerlachii
432 530 534 580 autem
557 521 769 599 opinationem
793 541 883 598 quam
905 521 938 577 in
954 539 1009 579 suo
1030 520 1173 598 exemplo
1191 520 1365 597 exprimen-

252 627 322 686 dam
345 629 463 687 curavit

403 757 486 811 Nunc
508 755 598 810 itidem
614 756 719 826 populo
741 757 839 810 iustum
860 755 1100 826 ascriptoribus,

409 861 537 917 Volumus
557 873 661 932 capere
682 861 801 916 animum
823 861 940 916 illorum.

252 1015 404 1074 quamque
426 995 460 1052 in
483 992 702 1052 additamentis
724 994 756 1051 in
780 993 861 1051 hunc
883 993 1006 1051 modum
1030 995 1195 1072 complevit

406 1133 486 1188 Nunc
507 1129 596 1212 itidem
613 1133 718 1204 populo
740 1134 839 1186 iustum
860 1138 886 1188 el
906 1133 1086 1204 scriptoribus
1107 1148 1240 1204 aequum,-

411 1239 549 1294 Volur'mus
571 1251 673 1308 capere
695 1239 801 1292 culmos
822 1237 932 1292 illorum

253 1389 343 1447 nimis
365 1389 494 1448 tiliorum
514 1387 625 1444 iudicio
652 1385 770 1444 diliisus
791 1385 916 1445 viderer
938 1388 963 1445 si
987 1389 1156 1447 accuratius
1180 1395 1364 1460 excuterem,

253 1516 318 1553 cum
341 1493 522 1573 praesertim
546 1494 666 1552 criticus
682 1495 750 1573 ipsc
766 1493 844 1552 haec
865 1512 906 1552 ne
922 1493 987 1562 sibi,
997 1494 1121 1572 quidem
1144 1494 1268 1552 omnino
1292 1493 1366 1552 satis
1404 1487 1407 1496 ’

256 1599 359 1656 facore
382 1598 572 1675 significarit.
609 1599 677 1658 Nec
691 1599 844 1657 Diintzeri
868 1599 1072 1658 coniecturam
1096 1620 1186 1678 quam
1209 1619 1274 1656 cum
1291 1597 1367 1659 Ger-

251 1705 352 1762 lachio
381 1707 616 1764 communicavit
640 1707 826 1780 popularibus
859 1709 1041 1780 scriptoribus
1074 1708 1213 1786 cuiquam
1242 1703 1376 1783 probari-

252 1812 433 1888 pntaverim.
480 1811 656 1873 Praeterea
676 1819 776 1870 autem
800 1813 922 1891 quis-in
947 1830 982 1870 eo
1006 1811 1179 1889 fragmento
1203 1809 1367 1868 elaborarit

252 1915 355 1972 nescio
380 1915 439 1972 nisi
463 1916 546 1993 quod
569 1916 734 1975 Diibnerus
752 1916 861 1993 (Reuuc
884 1919 918 1974 cle
937 1918 1081 1991 philolopic
1103 1917 1137 1976 II
1159 1935 1189 1994 p.
1213 1912 1276 1993 213)
1300 1936 1366 1974 cum

251 2019 349 2078 verba
376 2021 495 2104 intacta
523 2023 684 2101 reliquerit
715 2023 749 2081 in
772 2021 865 2080 valde
893 2020 975 2080 bono
1008 2021 1114 2080 codice
1138 2021 1282 2080 'Pornesii
1310 2041 1365 2100 pro

251 2130 340 2184 itidem
363 2127 425 2204 legi
447 2131 551 2184 islidem
576 2127 753 2200 adnotavit,
785 2128 868 2186 cuius
896 2135 999 2196 tamen
1031 2128 1199 2206 scripturae
1222 2127 1262 2187 ad
1287 2147 1365 2186 emu-

252 2231 385 2290 culauda
408 2239 520 2310 poetae
543 2232 639 2291 verba
660 2252 746 2293 usum
770 2227 837 2292 non'
857 2252 925 2292 esse
949 2232 1087 2292 arbitror.
1132 2234 1270 2293 Videant
1286 2234 1367 2291 enim

251 2341 343 2417 periti
367 2339 477 2420 ecquid
504 2337 706 2418 probabiliter
728 2340 900 2417 suspicatus
930 2340 987 2397 sim
1009 2339 1145 2398 Nonium
1166 2338 1277 2398 Lucilii
1298 2358 1366 2397 ver·

251 2463 303 2526 sus
326 2443 384 2502 hac
407 2445 504 2502 formu
525 2443 691 2503 tradidisse

404 2644 624 2659 .....
668 2619 744 2658 nuuc
764 2603 853 2658 itidem
871 2602 977 2676 populo
998 2606 1022 2659 is
1043 2621 1105 2660 cum
1126 2601 1307 2676 scrrpldr'ibus

372 2751 377 2759 .
412 2709 551 2764 Volturcius
573 2723 675 2779 cupere
697 2707 820 2764 dulcinum
842 2710 960 2768 illorum.

253 2863 291 2921 In
315 2861 423 2943 quibus
441 2867 546 2938 populo
570 2864 691 2944 dativus
714 2883 882 2944 suspensus
906 2873 954 2925 est
976 2885 994 2923 a
1015 2866 1111 2926 verbo
1129 2865 1181 2923 vel
1203 2866 1366 2945 participio

254 2969 336 3049 quod
359 2971 479 3029 Nonius
508 2970 618 3028 omisit.
663 2970 848 3043 Sententiae
878 2968 960 3030 enim
988 2969 1294 3048 comprehensionem
1323 2974 1367 3030 sio

254 3077 332 3134 fere*
350 3077 525 3155 expleveris
552 3078 744 3151 prolificuturi
763 3095 838 3135 uuuc
865 3078 955 3134 itidem
972 3079 1076 3148 populo
1104 3079 1143 3132 eis
1164 3095 1226 3134 cum
1249 3081 1366 3152 scripto-

253 3186 331 3242 ribus
359 3187 492 3241 voluimus
514 3199 616 3256 cupere
643 3187 764 3240 cultuum
792 3186 912 3240 illorum.
957 3184 1073 3240 Illorum
1097 3182 1179 3240 enim
1202 3183 1243 3242 ad
1261 3189 1367 3259 populo

253 3289 384 3346 refertur
400 3289 483 3347 cuius
499 3295 667 3346 structurae
680 3289 835 3364 geminum
851 3287 1024 3364 exemplum
1038 3287 1264 3348 Varronianum
1278 3293 1366 3370 tetigi

254 3395 287 3452 in
311 3394 519 3452 coniectaneis
542 3415 573 3472 p.
599 3403 639 3456 16.
687 3395 691 3402 ⁴

299 3535 301 3540 ·
339 3500 373 3558 P.
398 3509 458 3574 lov,
482 3510 498 3562 2
524 3502 601 3560 haec
627 3501 750 3580 scripsit
772 3499 907 3560 Nonius:
939 3500 1046 3556 Tollere
1073 3507 1113 3556 est
1139 3505 1254 3561 elevare.
1290 3505 1365 3579 Virp.

254 3609 476 3666 Aeu.llb.1el
503 3612 548 3668 lib.
571 3609 638 3666 XII
642 3632 652 3666 .·
680 3619 706 3668 el
735 3611 853 3666 mulcere
881 3610 953 3664 dedu
976 3610 1079 3680 fluctus
1105 3616 1132 3664 et
1159 3611 1253 3668 tollere
1279 3620 1366 3668 uculo.
1392 3649 1396 3658 ·

257 3716 336 3784 Tollit
363 3730 393 3770 se
423 3717 564 3772 adreclum
592 3717 762 3790 quadrupes.
806 3715 848 3770 M.
875 3714 978 3770 Tullius
1006 3713 1210 3786 Filippicurum
1238 3717 1282 3771 lib.
1305 3718 1366 3772 XI.-

255 3823 296 3878 vel
315 3824 343 3878 iu
372 3823 560 3890 enelamur,
587 3825 613 3878 si
630 3823 695 3893 fieri
712 3824 845 3892 poluerit,
868 3821 970 3876 umeris
988 3824 1089 3876 nostris
1110 3821 1241 3876 tollemus.
1284 3821 1366 3876 Luci-

254 3929 305 3984 lius
332 3928 376 3984 lib.
404 3925 562 3983 XXVIII.-
597 3929 690 3983 lauti
719 3941 756 3981 se
785 3928 958 3995 temporis
992 3934 1126 3981 montes
1156 3933 1187 3980 el
1217 3926 1366 3997 fuelero

255 4017 390 4089 lolleul
426 4030 478 4090 Ad
491 4028 724 4090 emendandum
741 4029 800 4087 hoc
815 4028 979 4104 insigniter
995 4027 1196 4106 deprevatum
1212 4030 1365 4108 fragmen-

255 4143 318 4194 tum
342 4155 359 4193 e
382 4135 537 4194 codicibus
561 4135 638 4194 nihil
653 4134 776 4194 videtur
798 4136 865 4213 opis
889 4132 1055 4192 accedere:
1079 4134 1117 4193 ab
1139 4135 1193 4194 illa
1213 4137 1365 4196 Basilien·

257 4243 334 4302 sium
361 4243 510 4321 scripture
539 4242 604 4300 lere
634 4261 698 4300 non
727 4241 820 4299 distat
849 4239 932 4318 quod
961 4257 977 4297 e
1006 4241 1068 4300 suis
1096 4239 1181 4299 libris
1210 4242 1366 4300 Mercerus

256 4345 389 4406 fideliter
410 4349 527 4406 rettulit
549 4352 630 4406 turcus
650 4351 803 4422 elemporis
816 4355 919 4404 montes
940 4356 966 4404 el
983 4349 1075 4431 fetere
1090 4352 1197 4406 toleret:
1218 4357 1252 4408 ut
1275 4359 1374 4408 nemo'

1119 4450 1132 4508 1
1145 4446 1163 4484 e
