3274 5078
699 379 847 422 uerrunt.
1292 359 1327 421 11

220 550 333 624 facturn
348 548 470 607 videtur
493 550 544 628 qui
567 552 687 606 ‘contra
701 548 786 607 illum
809 547 887 608 dixit
908 569 973 608 rem
994 549 1236 608 valentissimam
1264 549 1330 608 nul·

219 655 280 722 lum
302 674 415 712 nomen
438 652 554 712 duabus
577 655 666 713 mutis
688 655 868 712 terminari!

303 759 398 818 Porro
428 761 460 818 iu
483 759 580 818 Medii
604 761 775 838 fragmento
807 759 889 840 quod
913 758 997 838 apud
1019 760 1153 820 Nonium
1175 779 1206 837 Ρ.
1230 767 1273 832 93,
1297 768 1332 822 20

220 863 381 923 exhibetur
404 872 487 939 putat
505 867 571 939 sore
595 868 647 923 lroc
668 869 806 940 quoditie
827 867 1016 924 comedouibus
1043 870 1167 924 convenil
1193 883 1246 924 usu
1271 870 1331 940 qui-

218 973 268 1027 bus
289 981 352 1027 nola
374 974 509 1044 voluptate
531 975 674 1030 comedunt
692 975 841 1030 dumtaxat
859 976 925 1048 pule
945 974 1048 1046 pandet
1068 989 1135 1029 oum
1156 991 1212 1050 pro
1242 989 1330 1031 come-

164 1101 166 1106 .
219 1079 288 1134 dunt
320 1075 395 1135 inde
428 1097 446 1134 a
474 1079 605 1136 Merceri
634 1078 771 1137 editione
798 1095 860 1135 cum
890 1076 969 1156 (sive
998 1075 1093 1153 quum)
1117 1077 1200 1136 eduu'l
1225 1079 1332 1155 vulga·

219 1188 303 1252 rent,
340 1190 485 1259 poterant
512 1185 651 1272 profecto
680 1185 781 1243 lenius
815 1203 899 1242 mera
935 1183 1125 1242 diiunctione
1159 1203 1218 1243 com
1249 1189 1333 1243 eclani

219 1305 381 1365 reponere,
400 1289 655 1367 quemadmodum
666 1291 698 1349 in
710 1291 820 1350 Lucilii
835 1310 928 1350 versu
940 1291 1023 1369 apud
1033 1291 1167 1349 Nonium
1184 1312 1215 1370 p.
1228 1299 1287 1364 370,
1301 1299 1332 1352 19

218 1391 318 1465 quanli
338 1410 385 1452 vos
404 1396 515 1468 sudant
533 1401 612 1468 socii,
641 1415 699 1455 com
720 1415 841 1472 parcere
857 1399 966 1471 possint
987 1397 1186 1456 Lachmann'o
1210 1407 1332 1457 auctore

219 1499 251 1555 in
274 1499 416 1558 Lucretio
440 1521 471 1580 Ρ.
493 1509 526 1563 11
546 1515 626 1561 'cum
648 1504 680 1562 in
704 1503 788 1563 libris
811 1504 850 1562 sit
872 1519 1067 1576 courpareere3
1096 1504 1156 1560 nisi
1179 1503 1246 1582 quis
1269 1502 1332 1560 illic

219 1607 251 1664 in
282 1608 352 1685 ipsa
383 1611 560 1666 comedoaum
591 1613 877 1670 commemoratione
907 1608 992 1666 malit
1020 1617 1142 1667 servato
1176 1611 1335 1666 comedendi

219 1711 314 1769 verbo
336 1729 398 1769 cum
420 1718 564 1772 comedunt
583 1718 712 1776 restitui.
759 1717 901 1776 Ceterum
926 1717 991 1774 iure
1013 1714 1261 1790 Laurenbergius
1285 1732 1331 1771 se·

220 1818 351 1876 eundum
375 1820 500 1897 linguae
521 1841 608 1879 usum
635 1823 758 1901 scripsit
779 1816 850 1881 ient
870 1839 936 1892 unc,
959 1841 1015 1900 pro
1039 1830 1102 1878 uela
1126 1828 1226 1878 autem
1249 1818 1331 1898 quod

220 1923 371 1983 Oehlerus
385 1926 553 1985 Victorium
575 1937 695 1988 secutus
719 1939 789 1986 mota
812 1929 945 2008 rec-epit,
970 1926 1002 1985 id
1026 1925 1150 2006 quidem
1172 1925 1245 1983 mihi
1268 1943 1331 1984 non

219 2032 335 2090 referre
358 2051 481 2091 manum
502 2035 650 2093 Varronis
673 2034 810 2093 videtur:
834 2034 978 2113 putabam
1000 2041 1054 2091 totu
1075 2036 1222 2105 uoluptate.

261 2129 266 2148 '
305 2138 421 2198 Contra
450 2138 533 2218 quod
563 2138 714 2200 Oehlerus
744 2142 777 2199 in
805 2142 863 2200 hoc
885 2141 1057 2217 fragmento
1087 2136 1170 2217 apud
1199 2137 1332 2197 Nonium

219 2266 250 2324 Ρ.
265 2255 309 2318 83,
328 2254 363 2308 23
390 2263 514 2318 cucrtpus
533 2250 658 2312 vinarius
671 2251 783 2321 sirpure
798 2251 868 2305 noli:
891 2250 963 2304 addc
977 2251 1098 2321 quintum
1118 2249 1174 2303 cini
1193 2248 1222 2300 iu
1243 2261 1330 2301 uxor-

219 2355 298 2408 culae
318 2356 492 2425 inopocillum
515 2354 637 2431 scripsit
660 2373 796 2414 seorsum
819 2375 836 2411 a
860 2352 970 2416 ceteris
994 2350 1180 2409 editionibus
1203 2359 1230 2406 tn
1245 2323 1355 2422 cupae·

220 2477 282 2515 non
306 2470 388 2516 recte
412 2446 533 2516 factum
547 2459 688 2517 arbitror.
733 2458 794 2537 Qui
826 2459 908 2518 enim
936 2457 1185 2556 consideraverit⁸
1212 2455 1331 2536 quoties

219 2562 314 2620 Nonii
336 2561 451 2622 librarii
473 2564 506 2620 in
530 2583 596 2621 earn
624 2574 743 2644 partem
771 2567 942 2625 erraverint
969 2576 1001 2625 ut
1031 2583 1110 2646 quae
1138 2563 1234 2622 semel
1261 2560 1332 2620 scri·

219 2669 342 2728 bendae
367 2684 472 2729 essent
493 2671 610 2730 litteras
632 2669 679 2730 bis
702 2681 857 2750 ponerent
883 2673 967 2732 velut
989 2692 1020 2750 p.
1035 2680 1095 2743 105,
1112 2679 1147 2732 50
1167 2669 1200 2727 in
1223 2667 1333 2726 Lucilii

219 2795 311 2835 versu
342 2797 432 2856 quem
460 2779 675 2838 Lachmannns
704 2780 836 2837 correxit
864 2779 897 2836 in
924 2777 1068 2837 Lucretio
1098 2795 1129 2854 Ρ.
1150 2769 1204 2834 Ι413
1233 2789 1333 2830 serena

158 2909 161 2916 ·
219 2886 291 2938 caeli
315 2888 434 2940 momina
463 2892 488 2940 et
514 2887 580 2941 selis
600 2887 692 2957 fretus
718 2883 883 2942 Leidensis
912 2886 1045 2955 caecaeli,
1075 2883 1171 2938 caecili
1190 2878 1332 2936 Wolfon·

171 3017 177 3024 ·
219 2986 411 3066 buttelanus3
448 3011 479 3070 Ρ.
509 2998 569 3064 258,
588 3048 589 3058 ,
605 2999 635 3052 10
664 2991 821 3048 Caeciciliur
852 2993 880 3046 iu
906 2991 988 3047 Asela
1010 2986 1332 3057 Wolfenbuttelanus3

220 3114 250 3172 p·
260 3105 320 3168 551,
335 3105 544 3159 9murmareua
556 3104 586 3154 et
603 3097 711 3154 iterum
725 3099 898 3152 m‘urmuriua
909 3114 964 3173 pro
984 3098 1111 3150 murrina
1127 3091 1210 3165 libri;
1232 3110 1261 3168 p.
1271 3097 1331 3161 238,

224 3207 254 3258 12
265 3196 415 3272 praeterea
438 3209 467 3260 ut
487 3206 588 3259 uostris
605 3199 688 3279 (libri
710 3199 831 3279 nostros)
849 3185 954 3258 caimos
976 3202 1117 3256 attendere
1137 3199 1234 3269 [clere]
1256 3199 1333 3252 dictis

220 3303 305 3376 libri;
329 3323 360 3382 Ρ.
383 3313 444 3376 463,
464 3315 481 3368 9
508 3309 602 3362 eadem
624 3325 681 3362 uria
704 3314 835 3362 maneant
854 3311 882 3362 in
904 3309 1082 3363 sentententia
1104 3301 1331 3361 Wolfenbutte·

220 3413 325 3487 lanus3
349 3432 381 3491 Ρ.
401 3420 460 3483 519,
481 3421 512 3470 10
534 3411 595 3466 Neu
614 3415 714 3484 paucis
729 3414 810 3468 malle
831 3429 865 3467 ac
879 3413 1078 3484 resipientibus
1100 3427 1159 3468 esse
1177 3411 1333 3481 probatum,

220 3517 272 3576 ubi
293 3519 371 3579 nihil
393 3518 476 3578 aliud
499 3537 589 3598 quam
612 3522 828 3594 acceptantibus
843 3516 1057 3595 corrigendum
1079 3517 1151 3590 fuit3
1174 3536 1205 3594 Ρ.
1222 3521 1283 3587 iss,
1303 3523 1333 3576 16

220 3627 346 3698 qrrodque
358 3633 382 3683 te
392 3631 420 3684 in
431 3627 471 3695 [le
485 3630 528 3698 ia]
537 3629 713 3700 tranquillum
725 3643 763 3683 ex
773 3630 863 3686 saccis
874 3627 1012 3699 transfert
1021 3625 1228 3700 tempestatibus,
1243 3641 1333 3702 quem

220 3751 343 3790 versum
366 3730 546 3791 Gerlaohius
574 3734 652 3791 Iano
675 3734 781 3792 Dousa
804 3741 927 3792 auctore
957 3733 1107 3811 corrupit:
1136 3730 1214 3788 haec
1242 3728 1333 3804 igitur

222 3839 273 3917 qui
302 3835 543 3898 consideraverit
572 3838 597 3894 is
621 3858 685 3896 non
708 3839 860 3897 dubitabit
887 3841 962 3918 quin
986 3837 1096 3897 eodem
1119 3855 1222 3894 errore
1243 3849 1347 3905 capus·

221 3947 253 4002 in
275 3961 399 4018 occupas
422 3940 623 4021 depravatum
645 3944 693 4001 sit.
737 3945 804 4003 Nec
827 3946 900 4003 mihi
927 3944 1023 4020 magis
1051 3941 1197 4020 probatur
1220 3959 1333 3998 novum

222 4049 304 4130 quod
333 4047 468 4109 Oehlero
505 4048 635 4107 debetur
665 4052 864 4128 compositum
893 4051 1082 4121 cinopocillum
1111 4047 1143 4106 id
1175 4045 1257 4125 quod
1285 4065 1332 4104 se·

222 4156 354 4216 eundum
376 4157 501 4234 linguae
517 4175 653 4214 normam
669 4157 848 4228 vinipocr'llum
864 4173 933 4214 esse
957 4152 1077 4213 debuit:
1101 4162 1223 4233 poterat
1244 4171 1331 4210 uaer-

223 4265 300 4318 culae
321 4267 516 4336 oenopocr'llum
545 4262 604 4321 nisi
633 4261 802 4340 praestabit
834 4263 867 4320 in
895 4262 1026 4341 simplici
1054 4263 1183 4334 pocillum
1205 4255 1332 4339 'acquie-

223 4385 318 4426 scere.
362 4368 470 4428 Verbo·
491 4369 589 4428 dicam
609 4367 649 4427 de
672 4367 822 4458 scriptura
844 4370 983 4440 qulalluem
1007 4365 1090 4445 quod
1114 4386 1182 4424 esse
1204 4369 1331 4440 waldum
