3274 5078
301 281 342 340 40
698 290 1021 344 snscuors'sonmns.

301 483 378 542 spem
404 470 548 539 disserunt,
577 470 651 524 unde
670 475 696 524 et
713 485 853 548 prospere
873 445 984 534 dicitnr,
1013 469 1065 523 lroc
1091 475 1131 522 est
1144 485 1199 540 pro
1221 483 1280 541 spe.
1321 469 1412 526 Varro

303 576 448 648 Aboripirrc
477 568 544 650 περὶ
577 561 748 646 ἀνθρώπων
775 566 908 647 priseae:
948 577 998 629 iio
1043 575 1205 629 sublimis
1247 576 1413 646 speribus

302 683 435 736 iactato
468 685 686 738 ronzinotiuo
714 683 899 736 volitantis
926 683 1016 736 ellos
1046 685 1164 738 nitens
1188 681 1330 736 tradito.
1374 679 1412 735 In

305 784 454 862 quocum
475 785 560 843 multi
587 785 660 843 olim
687 784 897 843 elaborassent
918 785 1203 863 diversissimasque
1224 784 1413 868 coniecturas

304 900 519 984 procreassent
540 900 603 949 tum
629 891 795 949 novissime
817 887 958 970 Rtiperus
982 890 1109 948 accessit
1130 890 1181 968 qui
1208 892 1241 948 in
1264 890 1414 968 philologi

304 995 352 1052 IX
374 1016 406 1073 p.
428 1003 480 1056 229
501 1017 627 1076 sq.·per
656 1005 826 1055 accuratam
853 998 1042 1075 superiorum
1072 1011 1231 1056 censuram
1258 997 1338 1054 viam
1356 995 1413 1054 sibi

304 1101 344 1159 ad
370 1122 468 1160 suam,
484 1106 694 1182 opinationem
724 1105 854 1181 paravit.
902 1103 1005 1180 Quare
1034 1103 1137 1160 missis·
1162 1093 1240 1180 quae
1267 1102 1319 1160 illc
1348 1103 1413 1159 iure

255 1210 285 1279 ,’
306 1205 463 1271 damnavit
486 1187 619 1286 priorum
640 1208 848 1268 conaminibus
870 1208 928 1265 hoc
950 1208 1103 1283 agendum
1120 1216 1166 1265 est
1182 1216 1215 1265 ut
1231 1227 1271 1264 ne
1287 1209 1411 1284 Riipero
1490 1245 1495 1254 ·

305 1311 428 1390 quidem
452 1335 600 1394 prospere
626 1314 800 1394 corrigendi
822 1333 929 1372 munus
952 1314 1080 1370 cessisse
1108 1312 1313 1370 ostendamus.
1364 1311 1414 1369 Sic

254 1493 258 1504 Ι
304 1417 397 1493 igitur
414 1419 466 1476 ille

386 1563 392 1575 '
456 1603 592 1618 .....
617 1561 654 1618 ilo
669 1563 789 1618 sublimis
805 1561 931 1633 spe'rr'lros

456 1666 562 1723 loetale
578 1671 691 1724 oolilons
707 1667 762 1722 o'llo
778 1669 866 1722 aitrus
881 1669 989 1722 [rodilo.

305 1843 342 1899 In
360 1841 468 1920 quibus
496 1844 625 1921 primum
646 1845 723 1901 haec
741 1860 819 1922 quac
835 1849 965 1918 venuste
988 1851 1018 1902 et
1040 1843 1155 1922 absque
1177 1840 1348 1901 offensione
1370 1837 1413 1895 di-

306 1957 413 2006 cuntur
429 1953 562 2006 volitantis
574 1953 644 2004 rrllos
660 1968 766 2026 parum
784 1960 871 2006 caute
887 1967 952 2005 curn
967 1947 1190 2022 vulgarioribus
1212 1927 1413 2004 commutavit.

304 2053 430 2111 Deinde
453 2054 614 2132 quominus
637 2059 735 2110 iocrrrlo
763 2055 965 2130 corrigeretur
991 2055 1024 2110 in
1050 2058 1149 2111 iactate
1175 2057 1260 2114 iuxta
1284 2052 1415 2130 positum

305 2148 405 2216 trodio
432 2157 596 2237 prohibere
620 2158 739 2222 debuit:
763 2173 828 2240 qua
844 2161 963 2218 ratione
986 2159 1095 2218 corruit
1122 2160 1212 2218 etiam
1232 2157 1309 2217 illud
1334 2155 1414 2236 quod

305 2270 470 2322 criminalius
487 2265 713 2340 grammaticam
730 2285 797 2324 esso
814 2266 1049 2346 explicationem
1066 2263 1106 2322 ad
1117 2268 1217 2322 instate
1232 2264 1415 2340 adscriptam

306 2371 364 2430 sibi
380 2371 541 2450 persuasit.
572 2370 682 2447 Neque
703 2390 776 2429 vero
800 2370 1051 2449 proficiscendum
1074 2380 1139 2428 erat
1161 2371 1283 2428 omnino
1307 2388 1345 2426 cx
1358 2368 1416 2425 bac

270 2525 273 2531 .
306 2477 503 2553 plurimorum
521 2475 645 2552 quidem
668 2473 813 2536 librorum
835 2478 985 2554 scriptura
1005 2465 1069 2534 sed
1087 2496 1125 2534 ex
1146 2477 1235 2534 unius
1251 2474 1416 2532 Leidensis

307 2583 483 2639 testimonio
499 2585 655 2636 rronn'rzotuo
670 2585 808 2654 uolitantis
825 2579 1000 2639 unde-illud
1027 2588 1123 2638 ortum
1139 2581 1258 2640 denium
1281 2573 1352 2640 esse⁸
1363 2602 1415 2659 ap·

307 2695 412 2764 paret:
440 2705 478 2744 ex
502 2691 640 2764 uolitantis
666 2696 767 2746 autem
792 2687 837 2743 illi
863 2686 931 2743 voci
963 2685 1104 2743 adhaesit
1129 2706 1163 2743 oo
1190 2687 1324 2766 syllaba,
1357 2707 1416 2765 qua

307 2791 432 2868 dempta
453 2792 573 2870 reliqua
595 2794 663 2870 ipsa
684 2791 857 2850 sententiae
873 2790 1040 2850 necessitas
1063 2811 1102 2849 ex
1116 2791 1163 2853 his
1180 2811 1276 2850 nomen
1296 2811 1332 2849 oc
1349 2812 1415 2851 esse
1440 2849 1443 2857 ,

307 2897 418 2954 leviter
437 2897 552 2956 inflexa
574 2897 771 2972 domonstrat.
809 2898 957 2955 Nimirum
973 2896 1018 2953 sic·
1031 2897 1128 2956 Varro
1150 2899 1315 2976 scripserat
1334 2897 1415 2956 haud

273 3024 276 3030 ·
308 3001 399 3062 dubie

285 3117 290 3124 '
790 3107 828 3164 r'lrr
842 3109 964 3164 sublimis
978 3109 1103 3181 apertius
1154 3133 1157 3145 ‘

376 3286 379 3293 Ι
419 3201 422 3207 ’
462 3215 569 3272 Irrctdlo
584 3231 681 3270 rroruen
697 3215 732 3296 dc
755 3217 889 3271 volitantis
904 3213 972 3270 diros
988 3218 1075 3270 rollens
1089 3217 1199 3272 tradito.
1227 3198 1234 3206 ³

973 3299 987 3318 .
