3274 5078
321 335 362 396 20
606 349 612 364 ·
796 349 961 393 Anserem

322 520 458 582 concedo
487 528 580 600 posse
607 521 673 580 fieri
701 532 735 578 ut
756 519 811 578 illa
832 524 860 577 in
882 521 1005 576 omnibus
1026 521 1109 576 rebus
1131 519 1206 576 bonis
1229 535 1246 575 e
1269 535 1360 575 versu
1384 514 1461 590 dep

321 637 464 708 prompta
479 629 550 686 sint.
586 625 650 685 Sed
665 627 743 685 haec
759 647 823 685 non
841 611 967 705 plenam
982 623 1331 698 sentcntiamroferunt,
1348 625 1436 684 initio

321 734 448 794 verbum
464 729 757 811 desideratur'quod
772 733 872 810 potuit
893 735 950 790 vico
974 749 1051 788 esse.
1095 731 1145 788 De
1168 731 1295 812 reliquis
1318 732 1362 791 sic
1377 740 1436 791 ste·

320 849 373 900 tuo
405 861 473 900 cum
494 827 619 920 Riipero
643 841 816 897 Sardianicis
838 823 971 912 tapetibus
998 836 1079 896 bene
1102 838 1321 898 Ruhnkenium
1351 839 1437 898 resti·

259 969 261 973 ⁴
322 948 431 1021 tuisse,
461 947 494 1006 in
518 967 578 1026 qua
600 966 633 1004 re
657 965 721 1004 non
745 943 845 1004 obstat
869 943 951 1024 quod
976 943 1092 1024 duplex
1114 945 1209 1004 Nonii
1231 947 1438 1005 testimonium

322 1055 500 1111 Sardinianis
521 1038 633 1132 potius*
646 1053 774 1112 formam
793 1051 1008 1113 commendare
1024 1049 1176 1110 videatur.
1214 1049 1271 1112 Est
1288 1054 1369 1111 eninr
1384 1051 1434 1110 mi

322 1157 425 1218 rabilis
448 1160 503 1218 illa
524 1161 620 1222 Nonii
642 1163 675 1221 in
696 1144 856 1241 ‘perversis
879 1157 1054 1219 constantia
1076 1177 1167 1236 quam
1189 1157 1312 1234 saepius
1338 1157 1438 1233 tetigi.

321 1265 467 1344 Denique
498 1278 684 1344 postremum
711 1267 893 1327 commatico
918 1263 1069 1323 Ochlerus
1092 1259 1294 1340 probabiliter
1315 1262 1439 1320 refinxit

321 1373 470 1445 chlamyda
493 1380 533 1428 est
549 1391 699 1448 purpurea
721 1377 852 1431 amiculo.-
869 1373 917 1430 'ita
934 1369 1095 1430 Sallustius
1118 1368 1151 1425 in
1173 1368 1369 1426 historiarum
1391 1387 1438 1426 se·

323 1477 423 1537 cundo
454 1476 503 1556 (p.
530 1487 578 1538 142
600 1473 718 1552 Kritz.)
749 1488 809 1554 lopo
830 1483 910 1554 picta
934 1479 1100 1552 plerumque
1123 1477 1238 1531 anticulo
1261 1482 1324 1532 erat
1345 1479 1371 1531 er·
1390 1492 1438 1531 ac-

278 1640 281 1647 ,
322 1585 465 1643 annitenti.
510 1582 603 1660 Quod
625 1602 698 1640 vero
724 1587 824 1643 estin
848 1585 1004 1665 plerisque
1027 1573 1114 1639 libris
1136 1583 1269 1637 clamides
1291 1589 1317 1637 et
1338 1580 1377 1638 ab
1401 1599 1437 1638 eo

323 1689 389 1748 fere
404 1709 469 1748 non
486 1688 580 1748 distat
594 1688 874 1748 Wolfenbuttelani
890 1687 1040 1765 scriptura
1060 1689 1177 1744 clamide
1192 1689 1250 1743 sed.
1289 1685 1340 1744 Sic
1355 1683 1439 1764 apud

323 1795 457 1854 Nonium
473 1815 503 1872 p.
523 1804 580 1868 195,
598 1805 614 1857 3
635 1796 667 1853 in
690 1794 800 1852 Lucilii
823 1812 914 1851 versu
936 1793 1077 1872 plerique
1100 1793 1170 1851 libri
1193 1797 1328 1865 asparaqi
1349 1794 1440 1849 molles

323 1910 349 1958 ct
370 1903 457 1959 viride
477 1917 574 1974 cyma,
597 1918 675 1958 unus
698 1875 1004 1960 Wolt'eubuttelanus
1027 1903 1106 1956 molle
1127 1903 1191 1972 sed,
1222 1899 1306 1958 unde
1328 1917 1439 1978 perpe-

323 2024 388 2064 ram
409 2007 501 2062 molles
523 2009 573 2063 sed
592 2007 749 2082 vulgatur,
778 2024 814 2062 ac
836 2005 958 2081 gravius
983 2005 1097 2062 erravit
1119 2005 1286 2080 Vargesius
1311 2005 1439 2082 (Lucilii

324 2120 491 2170 saturarum
514 2131 593 2191 quae
617 2132 656 2171 ex
683 2111 760 2198 libro
788 2113 880 2170 tertio
909 2122 1073 2192 supersunt
1095 2135 1125 2192 p.
1153 2110 1203 2190 17)
1235 2112 1286 2190 qui
1315 2131 1333 2168 a
1361 2110 1439 2169 (iha-

324 2218 396 2276 risio
419 2219 436 2275 Ι
458 2237 488 2296 p.
512 2229 545 2278 55
568 2218 603 2275 P.
629 2237 645 2275 e
668 2217 777 2276 Lucilii
804 2216 905 2276 tertio
926 2219 1021 2279 allata
1044 2225 1180 2295 asporuyi
1200 2222 1270 2276 nulli
1290 2237 1357 2276 cum
1378 2219 1439 2276 illis

324 2325 356 2381 in
380 2345 472 2384 unum
494 2313 703 2383 hexametrum
725 2324 918 2384 conectenda
941 2327 1073 2384 coniecit
1188 2317 1190 2320 ¹

478 2486 619 2557 Asporaqi
639 2485 731 2540 molles
752 2486 823 2540 nulli
842 2484 893 2539 sed
912 2484 998 2540 viride
1020 2501 1110 2556 cyma.

326 2637 395 2716 Quo
420 2645 501 2695 esset
528 2657 605 2696 sane
634 2638 824 2718 probabilius
854 2637 936 2718 quod
959 2638 985 2696 Ι.
1008 2637 1163 2696 Beckerus
1194 2636 1313 2716 ephem.
1342 2637 1439 2717 antiq.

327 2753 394 2807 1846
417 2764 448 2823 p.
472 2751 524 2805 946
553 2745 648 2804 suasit
677 2749 813 2820 asparayi
841 2748 910 2801 nulli
930 2747 1037 2817 molles,
1068 2745 1128 2802 nisi
1158 2743 1217 2802 hoc
1249 2765 1339 2802 omne
1369 2765 1440 2803 con-

325 2850 421 2910 flandi
445 2851 592 2930 reliquias
616 2850 749 2910 studium
772 2850 805 2907 in
829 2842 889 2928 quo
912 2849 1022 2907 multus
1048 2857 1095 2906 est
1110 2849 1268 2910 Beckerus
1294 2849 1347 2929 (cf.
1364 2873 1438 2911 mus.

326 2958 427 3016 Rhen.
444 2957 473 3016 V
488 2976 519 3035 p.
530 2965 564 3016 ’41
581 2971 649 3014 cum
662 2955 824 3014 Ritschclii
841 2951 1067 3032 additamento)
1081 2955 1198 3013 irritum
1215 2965 1305 3016 essct.
1330 2959 1440 3018 Mirum

327 3065 410 3124 enim
437 3064 521 3122 viros
551 3061 743 3120 doctissimos
772 3063 905 3139 fugisse,
947 3083 1010 3121 non
1042 3079 1135 3140 posse
1165 3079 1322 3136 asporayos
1343 3067 1442 3121 molles

326 3179 356 3230 et
378 3173 465 3228 vinde
487 3189 570 3246 cyma
585 3165 744 3227 commode
760 3167 844 3226 inter
862 3187 895 3227 se
913 3167 1046 3248 opponi:
1069 3174 1103 3224 ut
1118 3174 1236 3224 taceam
1253 3168 1336 3247 apud
1352 3169 1440 3228 Luci-

325 3276 400 3336 lium
430 3297 520 3357 quem
549 3295 613 3334 non
645 3273 740 3333 semel
772 3275 928 3352 epularum
963 3274 1090 3333 delicias
1124 3271 1262 3349 attigisse
1291 3275 1440 3356 reliquiae

327 3380 496 3440 ostendunt
520 3380 716 3440 multifariam
746 3373 884 3457 potuisse
914 3399 1132 3459 asparagorum
1153 3381 1342 3438 mentionem
1364 3382 1439 3440 fieri.

327 3484 391 3545 Sed
424 3493 458 3544 ut
491 3485 616 3546 redeam
653 3486 725 3544 illuc
761 3505 777 3543 e
806 3489 939 3546 clamides
968 3496 994 3544 et
1020 3488 1170 3564 scriptura
1200 3485 1340 3563 nuperus
1375 3487 1441 3544 iure

326 3593 500 3664 chlamydas!
522 3591 648 3648 formam
676 3595 881 3669 recuperavit.
927 3594 1088 3654 Geminum
1118 3590 1193 3650 illud
1224 3599 1270 3650 est
1298 3589 1380 3670 quod
1408 3593 1440 3651 in

326 3696 437 3756 Lucilii
464 3713 556 3754 versu
586 3711 603 3753 o
631 3694 711 3753 libro
733 3695 863 3758 XXVII
886 3697 968 3777 apud
991 3698 1125 3756 Nonium
1156 3717 1186 3776 p.
1216 3703 1277 3770 477,
1306 3706 1340 3760 29
1369 3698 1441 3756 scri-

326 3802 407 3861 bitur
440 3819 491 3859 nec
516 3807 543 3858 si
564 3807 651 3875 paulo
685 3803 775 3860 minus
810 3821 911 3862 usuras
945 3813 971 3860 et
997 3823 1097 3878 rnrrqnc
1127 3807 1266 3862 adiulatus
1295 3807 1354 3878 diu,
1389 3803 1441 3874 ubi

327 3927 393 3966 oum
415 3908 590 3968 Ditntzerus
613 3927 701 3967 usura
724 3927 824 3982 maqna
847 3912 987 3966 adimatur
1010 3883 1225 3988 reponendum
1247 3911 1439 3983 coniecisset,

328 4010 479 4090 Corpctus
512 4024 595 4073 recte
628 4033 716 4072 usuro
750 4022 790 4072 eat
821 4014 880 4072 nisi
910 4014 994 4092 quod
1023 4026 1137 4074 resurae!
1166 4035 1294 4074 exarare
1325 4013 1439 4073 debuit.

326 4118 531 4199 Eandemque
560 4121 740 4197 scripturam
761 4121 849 4197 ipsae
879 4120 1024 4180 librorum
1048 4121 1276 4199 discrepantiae
1309 4118 1442 4178 suadent

328 4223 398 4281 huic
430 4226 541 4284 Lucilii
573 4226 675 4283 versui
710 4245 801 4303 quern
833 4226 1013 4286 mirabiliter
1043 4228 1223 4287 Gerlaclrius
1256 4226 1443 4284 deformavit

328 4329 446 4388 restitui
