3274 5078
734 411 879 454 uournua.
933 385 936 392 ’
963 395 967 399 ⁴
1348 397 1367 455 5

254 584 297 641 ita
312 582 456 640 inflexam
475 585 573 654 populi
585 599 636 638 oro
652 589 733 656 atque
748 599 833 638 aures
843 601 876 654 p.
895 580 1088 655 Gerlachius,
1112 584 1298 642 immutatam
1320 603 1367 642 re-

255 688 338 766 cepit
355 685 523 764 Corpetus:
549 685 685 764 denique
710 706 750 744 ne
775 687 849 767 quid
873 687 1067 748 desideretur
1081 690 1232 748 Diintzeri
1256 689 1367 749 aGer-

253 794 351 852 laohio
374 795 504 852 relatum
526 794 686 852 inventum
707 799 804 867 populi
819 796 863 851 lzt's
885 811 971 851 aures
989 803 1014 850 et
1033 795 1193 874 ipsiusque
1210 795 1367 855 Gerlachii

253 902 380 958 alteram
403 900 610 958 coniecturam
627 905 727 974 populi
745 903 809 975 foro
830 899 925 958 verbo
950 919 1202 960 commemorasse
1226 900 1365 960 sufficiet.

251 1007 372 1085 Nempe
395 1004 610 1084 reponendum
635 1016 714 1065 erat:

405 1126 481 1194 Quae
503 1128 640 1216 quondum
658 1130 829 1204 populures
852 1131 930 1183 euris
946 1134 1064 1200 pectora
1086 1130 1170 1200 rupit.

216 1247 221 1258 ’
251 1259 338 1318 Haec
368 1261 449 1346 enim
466 1264 571 1333 poptclo
598 1279 645 1318 res
673 1282 739 1319 curn
767 1262 863 1321 semel
890 1262 924 1320 in
952 1261 1033 1318 hanc
1061 1263 1189 1320 formam
1217 1260 1367 1321 abiissent

249 1369 336 1438 popul
368 1382 431 1422 ores
464 1366 585 1445 reliqua
612 1368 691 1426 ultro
726 1367 953 1447 sequebantur:
989 1377 1109 1446 gratum
1144 1376 1244 1426 autem
1273 1387 1365 1446 asyn-

251 1470 346 1529 deton
371 1471 453 1550 quod
471 1479 518 1530 est
539 1477 617 1528 curis
637 1482 751 1546 pectora
774 1495 837 1532 nou
855 1473 962 1534 debuit
977 1473 1162 1550 abstergeri,
1187 1473 1234 1530 cui
1256 1473 1366 1531 similia

251 1578 354 1648 multa,
381 1578 466 1636 velut
479 1579 538 1637 hoe
554 1589 601 1638 est
620 1579 659 1638 de
670 1581 777 1639 Manio
795 1581 943 1639 Varronis
960 1579 1044 1658 apud
1059 1579 1194 1637 Nonium
1208 1597 1239 1656 p.
1255 1587 1315 1649 545,
1336 1585 1367 1636 12

249 1688 334 1740 cellae
356 1687 447 1741 clccnes
468 1689 593 1744 cluraestra
623 1688 707 1766 quod
731 1685 883 1746 Oehlerus
913 1687 1048 1764 corrupit
1076 1705 1092 1742 e
1116 1686 1141 1744 Ι.
1164 1683 1206 1742 Μ.
1232 1682 1365 1744 Gesneri

250 1790 425 1847 coniectura
453 1794 553 1859 sellae,
583 1795 687 1862 eleves,
717 1797 841 1852 claustra
870 1813 1027 1871 reponens
1057 1801 1088 1850 ct
1116 1810 1132 1848 e
1155 1788 1266 1847 Lucilii
1294 1788 1365 1847 reli·

154 1937 157 1942 -
250 1896 329 1974 quiis
347 1901 443 1969 pallor
465 1902 554 1956 tineae
576 1900 608 1957 in
633 1919 723 1960 versu
747 1919 837 1978 quem
860 1920 930 1958 mox
953 1899 1079 1976 plenum
1101 1895 1226 1954 afferam
1250 1900 1281 1951 et

336 2014 439 2071 Temen
462 2026 512 2074 aut
532 2035 650 2075 verruca
673 2021 722 2075 atil
742 2022 874 2088 cicatrix,
898 2018 1001 2074 trudeus
1017 2018 1144 2090 populor.
1166 2013 1315 2086 (efferunt,

250 2153 329 2212 quae
360 2155 427 2192 cum
449 2135 606 2195 Mercerus
630 2137 669 2196 ad
692 2138 827 2196 Nonium
849 2158 879 2215 p.
903 2145 963 2210 284,
981 2145 1016 2197 31
1042 2141 1124 2192 reete
1148 2132 1323 2210 scripsisset
1345 2162 1363 2169 -

247 2241 279 2299 in
310 2240 394 2300 libris
426 2243 507 2299 enim
529 2246 588 2299 oliti
608 2261 727 2300 verruca
755 2252 785 2301 et
808 2247 912 2300 medius
931 2245 1036 2316 pupule
1056 2274 1075 2284 -
1098 2237 1279 2300 Gerlachius
1301 2244 1364 2294 tam

249 2349 435 2405 sententium
459 2369 550 2427 quarn
573 2370 715 2408 numeros
739 2370 862 2428 pessum
886 2349 982 2407 dedit.
1020 2348 1087 2405 Nec
1108 2347 1206 2403 minus
1222 2345 1360 2402 Diintae·

248 2473 298 2511 rus
320 2454 409 2512 huius
432 2453 586 2512 sanissimi
608 2475 715 2514 versus
733 2475 792 2536 quo
816 2456 941 2513 maritus
964 2473 1091 2512 uxorem
1107 2451 1247 2535 appellat
1265 2447 1360 2527 (Non.

247 2566 308 2630 eoo,
332 2567 382 2633 ao;
406 2567 467 2632 327,
487 2555 549 2636 rs):

271 2677 273 2680 ’
401 2679 500 2736 Omnes
520 2681 640 2754 formosi
658 2683 747 2756 fortes
769 2684 828 2740 tibi.-
850 2699 898 2758 eqo
920 2681 1070 2756 improbus.
1115 2679 1191 2736 Esto.

247 2833 315 2870 cum
337 2813 490 2892 asyndeto
514 2817 700 2875 sententiam
723 2817 907 2897 depravavit
928 2814 1091 2878 scribendo
1113 2817 1269 2889 sortesque:
1297 2828 1362 2885 ereo

163 2990 168 2999 .
245 2923 386 2996 improbus
407 2929 496 3004 estu.

231 3005 235 3014 Ι
330 3026 458 3086 Duobus
489 3026 580 3084 etiem
601 3019 713 3085 Lucilii
745 3029 883 3089 versibus
914 3003 1067 3107 defungar
1096 3025 1187 3087 simili
1213 3023 1288 3082 vitio
1317 3022 1361 3080 af-

247 3133 346 3192 fectis.
385 3132 522 3210 Quorum
545 3135 673 3193 alterurn
689 3135 808 3193 Nonius
831 3157 863 3215 p.
879 3145 939 3210 320,
955 3145 987 3200 27
1004 3137 1037 3194 in
1053 3135 1135 3193 hunc
1157 3129 1279 3189 modum
1301 3136 1361 3185 tre·

145 3229 147 3234 ’
202 3299 209 3322 ,
247 3238 340 3297 didit:
374 3241 487 3308 Honor,
515 3244 661 3313 sepultura
696 3243 770 3316 Viry.
800 3286 807 3301 .
832 3287 839 3302 .
868 3247 989 3301 Lucilius
1017 3243 1062 3299 lit.
1092 3241 1154 3296 XX
1158 3237 1231 3295 VH.-
1266 3237 1362 3292 nullo

246 3341 380 3398 honore
402 3343 576 3416 displetu,
600 3350 699 3402 trullo
718 3349 861 3419 sunere.
908 3348 1007 3425 Quam
1031 3346 1083 3425 qui
1106 3363 1214 3402 sanam
1232 3342 1361 3420 scriptu·

246 3469 310 3508 ram
338 3449 479 3508 habuerit
500 3470 594 3508 unum
618 3449 814 3511 Gerlaclrium
836 3453 924 3525 novi,
954 3453 1066 3530 reliqui
1094 3449 1297 3509 coniectando
1327 3450 1359 3508 in

248 3556 386 3616 diverses
409 3567 512 3636 partes
537 3557 761 3616 discesserunt:
791 3557 834 3614 sic
857 3558 969 3630 defletus
991 3555 1112 3627 Iunius,
1143 3558 1263 3631 disfietus
1285 3557 1360 3616 Fru-

245 3662 350 3734 terius,
374 3666 511 3735 disprelus
525 3664 577 3721 vel
592 3667 735 3736 despretus
752 3663 876 3721 Paulus.
911 3663 986 3722 Veri
1010 3662 1084 3741 quid
1108 3663 1208 3740 attigit
1222 3663 1360 3721 Dr'intae·

246 3789 297 3828 rus
320 3769 352 3827 in
372 3773 447 3841 pletu
470 3770 652 3830 delitescere
671 3773 747 3842 fletu.
785 3771 853 3828 Nec
874 3789 943 3828 rara
958 3769 1032 3827 alibi
1056 3769 1222 3828 earundem
1244 3770 1360 3828 littera.-

137 3945 141 3952 ι
247 3897 311 3935 rum
340 3877 534 3934 commutatio
557 3877 643 3934 velut
670 3877 703 3934 in
726 3877 838 3934 Lucilii
865 3895 958 3934 versu
981 3896 1072 3955 quem
1099 3876 1219 3935 Nonius
1242 3895 1273 3953 p.
1297 3881 1358 3947 272,

247 3991 279 4044 14
306 3983 401 4042 tradit
435 3986 514 4039 lenae
546 3999 617 4054 opus
649 4000 727 4039 omae
756 3987 845 4056 perit,
880 3984 969 4056 fallor
998 3985 1080 4039 tiniae
1114 3985 1204 4039 omnia
1240 3984 1360 4038 caedunt
1457 4015 1466 4030 ·

245 4089 328 4148 idem
349 4089 462 4146 rectius
478 4107 508 4166 p.
525 4095 585 4159 462,
603 4093 637 4147 25
650 4091 743 4158 pallor
765 4093 863 4147 liniue:
887 4096 917 4146 et
932 4088 1081 4160 Zeseriutiu
1095 4107 1126 4165 p.
1141 4095 1202 4160 455,
1222 4096 1253 4150 16
1275 4088 1359 4148 unde

246 4197 413 4268 Zopyriots'm
436 4194 603 4271 Vargesius
635 4193 738 4252 elicuit
764 4195 797 4253 in
821 4192 1053 4274 quaestionibus
1075 4192 1245 4252 Lucilianis
1270 4191 1358 4271 (mus.

247 4301 347 4358 enen.
372 4321 399 4359 a.
424 4279 494 4363 ross
517 4301 570 4360 111
597 4320 628 4378 p.
652 4297 710 4375 ss).
754 4299 826 4358 Ana
850 4301 992 4379 exempla
1020 4297 1360 4359 ex=eruso0mu11orrr

247 4407 384 4487 reliquiis
412 4407 576 4468 Diibnerus
604 4407 705 4466 attulit
733 4403 842 4482 (Reuue
869 4411 904 4465 de
928 4411 1071 4484 philoloqs'e
1097 4409 1134 4467 II
1156 4427 1188 4481 p.
1213 4413 1268 4466 218
1289 4408 1358 4484 sq).
