3274 5078
723 359 869 400 uomens.
1318 343 1354 402 15

244 526 326 603 cepit
346 545 413 584 cum
435 525 479 584 ita
501 513 721 604 interpretatur
742 529 784 584 La
806 529 873 584 belle
899 529 1018 600 affaire,
1043 530 1166 586 Gnoson!
1194 547 1263 586 nous
1284 531 1354 586 rottei
1455 555 1464 578 ι

243 640 301 688 toas
320 632 445 704 plumes!
478 632 598 710 Nempe
627 652 690 692 non
713 651 774 690 uno
797 639 906 690 tenore
933 633 987 693 illa
1017 634 1100 692 elata
1125 641 1196 692 sunt
1226 633 1283 693 sed
1310 635 1354 692 ita

245 733 480 813 distinguendae

326 891 330 895 -
393 848 432 905 A.
458 849 558 914 Gnate,
588 851 654 921 quid
674 857 764 906 aetum
788 843 846 906 est?
861 881 880 890 -
897 848 965 909 GN.
988 851 1110 925 Ite'ptlott
1129 851 1223 908 omres
1249 868 1353 909 surmus.

243 981 395 1040 Gnatonis
430 991 530 1041 autem
565 984 698 1041 nominis
735 1003 751 1041 e
779 985 921 1042 Terentii
956 985 1105 1044 Eunucho
1140 987 1204 1044 noti
1237 987 1352 1045 mentio

243 1096 289 1144 est
311 1088 394 1166 apud
416 1089 565 1147 Lucilium
586 1089 619 1146 in
642 1108 734 1148 versu
757 1111 816 1169 quo
839 1090 886 1150 bis
908 1092 1001 1150 utitur
1022 1091 1142 1150 Nonius
1164 1113 1195 1172 p.
1219 1102 1280 1167 272,
1305 1104 1352 1155 12:
1445 1147 1447 1152 .

242 1195 362 1251 Lucilius
384 1197 426 1251 tib.
451 1197 622 1252 XXVIIII:
647 1199 756 1252 caede
777 1198 941 1266 testium,
968 1207 1073 1270 proto
1094 1216 1183 1271 erp-e
1205 1205 1353 1256 rrtstam

236 1305 393 1372 perimus
423 1309 453 1358 et
482 1321 512 1378 p.
536 1307 596 1373 117,
619 1307 654 1372 32,
681 1300 803 1359 lucilius
823 1304 869 1359 lib.
893 1303 1048 1360 XXVIII:
1076 1305 1184 1360 caede
1211 1309 1352 1374 ostium,

242 1407 389 1475 Gnatho,
421 1424 520 1481 uryc:
543 1415 695 1464 restant:
720 1413 899 1481 perteus,
923 1406 1086 1466 emendate
1108 1409 1199 1468 modo
1220 1416 1354 1485 periimus

240 1511 417 1590 reponatur.
453 1512 515 1590 (Of.
545 1514 570 1572 I.
600 1512 819 1571 Beckcrus·in
847 1527 921 1572 mus.
953 1513 1053 1572 Rhen.
1076 1515 1114 1573 V.
1146 1536 1177 1593 p.
1200 1513 1258 1593 41).
1303 1519 1352 1576 De

240 1618 318 1677 libro
342 1641 408 1678 eum
432 1619 610 1698 discrepent
631 1619 727 1678 Nonii
749 1619 940 1692 testimonia,
970 1619 1122 1678 suadente
1146 1623 1244 1679 altera
1269 1622 1352 1681 Gna-

239 1726 342 1783 thonis
359 1728 646 1785 commemoratione
662 1735 821 1804 utrumque
837 1745 959 1783 vorsum
981 1726 1182 1804 adscripseris
1205 1727 1258 1784 uni
1274 1727 1351 1785 libro

241 1831 405 1890 XXVIIII
421 1853 511 1911 quem
523 1832 631 1891 librum
643 1833 774 1891 senariis
790 1831 930 1890 'iambicis
948 1841 978 1890 et
993 1833 1178 1910 septenariis
1190 1833 1351 1891 trochaicis

242 1938 442 2016 compositum
467 1958 535 1997 esse
552 1938 769 1997 Lachmannus
786 1940 925 1996 affirmat.
971 1940 1081 2016 Itaque
1097 1958 1163 1996 cum
1185 1947 1246 1996 tam
1262 1921 1352 1996 sena·

238 2045 300 2102 rius
324 2065 414 2123 quam
437 2047 631 2124 septenarius
656 2064 724 2103 esse
741 2045 839 2122 possit
861 2064 967 2102 versus
991 2044 1077 2124 apud
1093 2046 1227 2104 Nonium
1241 2067 1274 2124 p.
1295 2053 1350 2118 me,

242 2161 281 2225 12,
307 2172 364 2228 ego
388 2153 490 2210 malim
513 2153 692 2230 septenaria
713 2147 857 2208 drensura
880 2148 1012 2208 dimetiri
1035 2153 1094 2208 hoc
1116 2152 1206 2210 modo

388 2281 505 2338 Deteret
525 2279 598 2336 crim
619 2281 761 2336 scribsisse
783 2288 808 2336 ct
824 2281 890 2352 po'st
912 2297 965 2336 reon
987 2278 1171 2341 scribarum,-
1193 2282 1254 2335 redi

387 2377 426 2444 'In
449 2386 646 2444 consortidaem

239 2526 328 2585 quam
350 2515 382 2564 ut
404 2505 497 2581 vulgo
520 2503 649 2562 senariis

897 2587 1012 2646 deterat<

388 2697 471 2754 Enim
493 2700 638 2770 scripsisse
659 2704 685 2753 et
700 2698 766 2770 po'st
787 2715 841 2752 non
863 2697 1051 2768 scripturam:
1074 2696 1136 2750 redi
1155 2697 1182 2750 tu

389 2805 591 2862 Consorttonem

236 2922 269 2981 in
293 2921 401 3000 quibus
423 2930 486 2980 tam
515 2925 586 2979 enim
614 2895 782 3001 praefixum
804 2903 906 2980 versui
935 2940 1025 3000 quam
1046 2923 1074 2977 in
1098 2919 1220 2979 affixum
1244 2920 1350 2998 displi-

238 3037 301 3086 cet:
330 3048 370 3086 ne
400 3027 473 3107 quid
505 3027 543 3086 de
567 3028 731 3088 Gerlachio
762 3027 860 3086 dicam
888 3029 939 3106 qui
970 3036 1065 3086 metro
1089 3028 1172 3085 nullo
1197 3036 1227 3085 et
1248 3026 1349 3085 verbis

238 3152 315 3211 quae
339 3135 500 3192 sanissima
522 3144 594 3194 sunt
616 3134 764 3212 corruptis
788 3134 831 3192 ita
853 3134 975 3212 scripsit

388 3256 503 3310 Deteret
522 3258 592 3310 enim
613 3257 759 3326 scripsisse
780 3260 887 3325 etpost
907 3271 962 3309 non
983 3256 1153 3324 scripturum

389 3361 492 3416 Bedtre
513 3363 541 3418 tn
564 3363 769 3415 consortionem.

236 3482 349 3536 Deteret
373 3486 474 3537 autem
502 3478 672 3556 perfectum
702 3483 748 3533 est
771 3497 826 3554 pro
850 3473 981 3534 deierevtt
1003 3474 1055 3554 (cf.
1078 3476 1292 3535 Lachmannus
1316 3477 1348 3535 in

236 3587 378 3645 Lucretio
402 3608 432 3664 p.
456 3582 538 3662 290):
568 3603 751 3664 quamquam
772 3582 922 3662 producta
944 3585 1050 3644 ultima
1073 3605 1112 3644 ne
1135 3586 1168 3644 in
1190 3586 1349 3663 praesenti

237 3691 362 3771 quidem
384 3692 548 3750 offensioni
571 3711 639 3750 esse
660 3693 768 3770 possit.

323 3795 480 3872 Corrigam
508 3799 541 3855 in
567 3808 743 3858 transcursu
771 3800 899 3857 alterum
929 3818 967 3856 ex
996 3797 1106 3856 eodem
1141 3796 1218 3872 libro
1247 3804 1347 3874 septe·

237 3904 363 3963 narium.
401 3903 520 3960 Nonius
545 3903 626 3960 enim
648 3924 678 3982 p.
696 3912 738 3975 27,
755 3912 786 3964 9:
811 3906 956 3960 nuciam.
974 3901 1145 3960 XXVIIII:
1168 3920 1234 3958 non
1258 3903 1347 3956 redt-

236 4020 290 4068 ret
312 4013 356 4068 ed
375 4027 425 4082 se,
456 4016 561 4082 utque
588 4011 684 4064 tttam
712 4013 958 4066 extermtnere
985 4012 1164 4073 miseram,
1195 4005 1246 4065 ubi
1277 4007 1347 4064 olim

236 4126 318 4176 recte
340 4120 540 4174 extermIneret
562 4113 723 4187 edebatur,
748 4119 884 4173 merrtem
910 4133 926 4171 e
948 4113 1025 4171 libro
1042 4113 1135 4172 Fabri
1156 4115 1243 4173 affort
1265 4115 1346 4174 Mer-

237 4243 338 4282 eorus:
361 4221 417 4282 sed
440 4230 643 4302 perpurgatus
667 4220 787 4280 demum
808 4221 867 4279 ho'c
889 4219 979 4279 modo
1004 4220 1099 4279 exibit
1120 4221 1302 4279 versiculus:
1381 4265 1384 4270 -

392 4345 425 4402 Ut
445 4346 548 4400 redr'rct
570 4343 608 4400 rid
628 4359 658 4399 se
679 4350 760 4416 atque
780 4343 855 4398 ittam
870 4341 1069 4398 ecete'rminuret
1090 4339 1238 4402 miseriam.
