3274 5078
280 327 321 392 28
753 342 916 386 assonare

278 518 394 592 pbebum
418 514 592 590 vindicare,
624 512 748 595 quando
777 511 897 571 Nonius
927 509 1010 590 quod
1036 508 1133 586 ipsius
1158 505 1285 566 Oehleri
1309 506 1394 566 testi-

279 625 383 685 monia
411 622 575 682 conficiunt
601 619 685 680 haud
714 620 758 677 ita
780 613 848 678 raro
879 617 917 676 ab
947 637 984 676 ca
1009 616 1138 700 recessit
1160 611 1393 672 consuetudine.

269 731 350 809 ¹Quo
379 749 441 790 uno
465 734 644 806 argumento
668 726 858 800 Synopbobum
885 729 991 782 tueare
1019 722 1078 782 hoc
1108 717 1261 800 estquod
1285 737 1301 776 e
1323 721 1395 774 sinc-

275 839 367 912 pbcbo
388 836 518 915 proclivi
542 853 644 894 errore
666 837 693 888 in
715 833 817 906 ephebo
840 828 1002 903 oriebatur,
1025 829 1058 888 in
1079 829 1262 890 contrariam
1276 835 1395 906 partem

281 962 373 1022 aegre
397 943 555 1022 peccarint
577 939 702 1000 librarii.
747 939 797 998 Ita
810 937 930 996 Nonius
954 955 985 1014 p.
1009 941 1070 1008 370,
1097 945 1128 995 14
1151 937 1285 994 Caecilius
1306 937 1389 990 mori-

279 1053 359 1108 soris
379 1069 436 1127 pro
452 1051 636 1122 Synaristosis
657 1063 721 1105 non
744 1062 868 1122 prorsus
892 1041 1017 1121 quidem
1039 1041 1162 1119 gemino
1184 1041 1229 1099 illi
1253 1039 1394 1117 exemplo

211 1212 214 1218 ,
281 1163 312 1214 ct
342 1175 358 1214 e
386 1155 504 1232 graecis
534 1147 565 1209 ἒν
595 1143 718 1226 ἐφήβοις
744 1169 799 1228 pro
822 1141 1004 1237 ouvepripiosg
1026 1147 1213 1226 Apollodori
1235 1146 1396 1206 adnotavit

279 1260 454 1320 Meinekius
478 1261 510 1318 in
532 1259 661 1318 historia
684 1257 788 1316 critica
810 1255 987 1315 comoediae
1008 1255 1147 1316 Graecae
1170 1275 1202 1333 p.
1224 1262 1285 1318 467.
1329 1257 1396 1314 Nec

281 1367 417 1444 denique
441 1365 523 1445 quod
545 1364 668 1442 saepius
693 1360 757 1420 dixi
775 1361 858 1439 apud
874 1362 1009 1420 Nonium
1024 1359 1215 1428 haerendum
1238 1369 1285 1419 est
1306 1363 1395 1419 inea

280 1471 454 1530 constantia
484 1491 544 1550 qua
567 1469 651 1549 quod
673 1469 769 1528 semel
792 1467 994 1545 depravatum
1020 1465 1079 1526 fuit
1101 1465 1249 1545 deinceps
1271 1465 1396 1526 firmiter

279 1579 437 1636 tenuerint
463 1569 626 1650 librarii1).

279 1749 482 1760 n—-n—

348 1849 368 1915 1)
391 1853 445 1901 Per
466 1850 539 1900 hanc
563 1849 793 1914 opportunitatem
818 1847 904 1896 verbo
933 1845 1023 1896 dicam
1048 1847 1080 1898 de
1109 1847 1289 1914 inscriptione
1315 1863 1394 1912 quam

279 1941 383 1991 Nonius
402 1959 428 2006 p.
447 1937 512 2004 104²,
531 1939 564 1988 27
587 1937 640 1987 hoc
664 1935 743 1986 modo
768 1935 867 1984 citavit
898 1937 984 1986 Varro
1007 1951 1084 1986 sero
1105 1947 1256 2001 percote:
1278 1953 1396 2002 porpo-

280 2032 454 2086 inmerito,
479 2043 568 2093 quom
584 2026 711 2076 uidebis
729 2025 843 2074 Romae
867 2025 988 2087 infore
1012 2034 1084 2076 uate
1103 2029 1253 2076 lanienas
1273 2035 1395 2090 pueros

276 2121 347 2184 pilo
364 2119 524 2182 repulsior
547 2117 668 2165 ludere.
709 2115 751 2162 De
775 2127 827 2176 quo
850 2112 943 2164 indice
965 2116 1031 2180 qnid
1050 2115 1097 2166 olii
1116 2117 1254 2166 senserint
1278 2113 1394 2180 quidque

278 2208 338 2274 ipse
363 2211 445 2256 antea
468 2203 648 2256 indicaverim
675 2203 705 2251 in
729 2203 918 2254 coniectaneis
940 2221 975 2272 p.¹
991 2204 1040 2254 211
1064 2207 1184 2256 narravi.
1225 2207 1303 2256 Nunc
1326 2204 1396 2254 nihil

280 2298 309 2346 in
327 2296 436 2346 traditis
456 2311 472 2344 a
490 2295 579 2345 Nonio
598 2292 700 2342 litteris
720 2291 927 2358 depravationis
945 2293 1037 2343 inesse
1058 2295 1188 2345 arbitror:
1209 2295 1305 2360 quodsi
1324 2294 1394 2344 enim

246 2399 249 2408 ¹
279 2385 330 2435 illa
356 2386 396 2434 ita
424 2383 570 2450 scripseris
599 2398 661 2434 sana
693 2397 809 2436 naracra
838 2383 977 2432 sententia
1006 2384 1091 2433 oritur
1120 2400 1199 2450 qnam
1227 2400 1282 2434 non
1310 2399 1394 2448 nega·

279 2475 353 2524 veris
377 2489 394 2523 a
417 2475 541 2524 Varrone
564 2473 686 2538 potuisse
710 2475 821 2522 saturae
844 2470 970 2520 inscribi.
1008 2472 1144 2522 Graecam
1169 2474 1276 2538 quidem
1298 2489 1395 2523 vocem

281 2563 352 2627 quod
376 2579 436 2612 cum
459 2561 549 2612 latina
572 2561 692 2611 iunxerit
710 2560 806 2610 nescio
832 2557 879 2608 cur
902 2559 930 2607 in
953 2560 1045 2611 iudice
1069 2563 1167 2611 maiori
1191 2561 1336 2612 offensioni
1360 2563 1395 2611 sit

281 2667 362 2716 quam
380 2653 409 2701 in
426 2633 494 2716 ipsis
513 2650 624 2702 saturis.
659 2647 727 2700 Sera
745 2653 837 2698 autem
855 2665 903 2714 pro
920 2664 979 2698 sero
997 2649 1114 2700 velseri
1130 2631 1248 2715 positum
1268 2651 1394 2716 quemad-

279 2741 387 2790 modum
405 2743 434 2790 in
451 2739 652 2802 Endymionum
670 2739 825 2802 fragmento
833 2737 916 2808 nquod
933 2735 1016 2803 supra
1036 2740 1115 2804 tetigi
1133 2747 1159 2788 at
1176 2743 1280 2806 oipilore
1297 2749 1396 2793 maturo
1422 2761 1434 2784 ι

279 2832 394 2894 coepisti.
429 2830 522 2880 Verba
539 2829 601 2893 ipsa
618 2827 693 2876 haud
705 2827 762 2876 scio
782 2843 817 2876 an
836 2827 876 2876 ita
894 2828 979 2877 scribi
998 2833 1125 2892 oporteat
1142 2829 1210 2879 Sera
1225 2836 1347 2894 porceto:
1369 2837 1394 2880 te

277 2926 413 2985 purpuram
431 2921 494 2969 seito
514 2933 585 2983 quom
607 2916 703 2966 videbis
720 2918 814 2968 Romae
832 2917 934 2980 infore
953 2921 1011 2970 ante
1035 2917 1149 2966 lanienas
1164 2935 1260 2982 pareres
1277 2922 1331 2985 pilu
1348 2936 1394 2969 ex·

276 3010 368 3074 proisim
380 3009 474 3057 ludere.
499 3005 656 3055 Turnebum
670 3011 744 3055 certe
758 3006 848 3070 opinio
862 3003 965 3055 fefellit
984 3005 1029 3068 qui
1045 2995 1160 3071 ‘Varro',
1180 3009 1228 3070 ait,
1246 2997 1323 3058 ‘dicit
1336 3009 1394 3058 nul-

281 3095 338 3146 lam
353 3111 413 3146 esse
427 3097 456 3146 in
469 3097 528 3147 loro
541 3095 679 3146 hominum
692 3095 884 3158 frequentiam,
907 3093 1011 3158 alioqui
1022 3093 1080 3160 pila
1093 3097 1172 3160 pueri
1191 3101 1254 3146 ante
1267 3075 1394 3146 lanienas

266 3185 334 3259 'fori
352 3201 408 3234 non
431 3183 576 3236 luderent.’
612 3185 737 3236 Nondum
754 3183 939 3248 probabiliter
956 3185 1099 3233 restitutus
1123 3187 1206 3242 etiarn
1230 3185 1275 3234 hic
1299 3187 1394 3237 titulus

281 3261 394 3341 εόρενη
410 3267 499 3334 λοπὰς
512 3267 544 3324 τό
557 3273 642 3341 πῶμα
659 3271 725 3338 περὶ
743 3266 956 3339 γεγαμηκότων;
976 3275 1016 3326 sic
1036 3276 1108 3324 enim
1126 3275 1268 3340 vulgatum
1287 3277 1321 3326 de
1340 3291 1394 3342 qua

279 3363 461 3428 inscriptione
486 3366 556 3430 qnod
581 3380 632 3430 ego
655 3365 744 3414 levius
766 3354 914 3415 Mercklini
937 3364 1111 3430 opinationes
1139 3365 1282 3428 probatum
1306 3364 1344 3414 ivi
1366 3366 1395 3415 in

281 3453 469 3502 coniectaneis
488 3470 514 3522 p.
535 3453 583 3506 193
601 3456 659 3504 iure
678 3469 765 3518 nuper
781 3453 810 3501 in
828 3454 952 3518 perdocti
969 3455 1024 3504 viri
1042 3453 1282 3518 reprehensionem
1303 3455 1394 3503 incur·

280 3539 322 3589 rit.
355 3539 409 3589 Sed
428 3555 488 3589 curn
506 3543 610 3592 Nonius
629 3559 690 3592 eam
703 3547 825 3592 saturam
838 3545 881 3589 ter
900 3543 993 3592 citarit
1005 3536 1036 3608 p.
1050 3542 1109 3605 478,
1128 3529 1250 3606 3Εόρεν
1268 3533 1285 3609 ἡ
1305 3535 1394 3602 λατός

208 3642 215 3657 ·
279 3622 311 3680 τὸ
329 3619 413 3694 κόμα
430 3623 495 3693 περὶ
513 3623 727 3695 γεγαμηκότων,
746 3647 773 3694 p.
793 3629 851 3690 526,
872 3629 902 3679 15
920 3627 986 3694 περὶ
1003 3625 1197 3697 τετανηκότων
1215 3631 1315 3682 omisso
1333 3649 1393 3697 pro-

280 3719 388 3781 verbio,
414 3719 532 3784 denique
551 3733 577 3782 p.
597 3717 655 3780 399,
676 3701 709 3769 3'0
727 3719 761 3769 E.
780 3710 797 3785 ἡ
817 3720 841 3769 λ.
860 3735 884 3769 τ.
903 3735 932 3769 τι.
951 3717 1016 3784 περὶ
1038 3713 1240 3786 καθηκόντων,
1266 3737 1316 3786 ego
1340 3739 1394 3772 non

281 3808 419 3860 assentior
441 3795 596 3860 Biichelerb
620 3809 649 3864 in
671 3808 725 3859 hac
747 3815 887 3874 postremo
910 3810 998 3860 forma
1022 3824 1083 3858 csse
1107 3809 1261 3862 mirabilem
1285 3810 1393 3874 quidem

280 3900 329 3950 sed
346 3904 439 3948 tamen
458 3913 576 3950 errorem
593 3898 676 3950 Nonii
695 3901 906 3966 agnoscendum.
943 3901 1029 3950 Immo
1052 3901 1108 3947 tam
1126 3900 1266 3964 proverbii
1283 3906 1393 3952 senten-

280 3990 349 4038 tiam
368 4004 448 4053 quam
460 3988 619 4039 memoriam
631 3989 714 4040 Nonii
727 3990 789 4039 dnm
802 3990 944 4039 considero
962 3985 1116 4052 persuadeo
1133 3986 1201 4036 mihi
1217 3988 1290 4039 hanc
1307 3991 1393 4040 fuisse

280 4078 424 4142 pristinam
449 4078 507 4144 eius
531 4077 607 4127 tituli
630 4079 877 4130 conformationem
901 4063 995 4139 Εὗρεν
1017 4065 1035 4139 ἡ
1058 4065 1148 4132 λοπὰς
1171 4068 1202 4126 τό
1225 4077 1309 4144 πόμα
1327 4075 1393 4146 περὶ

281 4159 470 4231 καθηκόντως
493 4159 703 4232 γεγαμηκότων.
744 4167 811 4216 Inde
836 4167 905 4231 quod
928 4172 1016 4217 ortum
1040 4170 1083 4215 est
1104 4160 1170 4228 aspi
1193 4159 1392 4234 καθηκόντων,

282 4271 393 4320 compar
412 4255 562 4319 exemplum
582 4257 611 4304 in
629 4256 818 4306 coniectancis
836 4271 861 4320 p.
876 4256 925 4304 212
944 4257 1038 4322 tetigi,
1056 4255 1103 4305 ubi
1121 4270 1210 4309 ansino
1223 4265 1318 4306 natum
1332 4269 1393 4307 osse

282 4361 315 4396 ex
332 4343 592 4409 castimonialium
610 4346 734 4410 probavi.
765 4346 843 4407 Quod
861 4361 926 4396 vero
939 4338 1126 4410 καθηκόντως
1137 4343 1182 4396 bis
1199 4345 1328 4396 omissum
1337 4349 1391 4407 est,
