3274 5078
290 360 330 424 30
769 377 931 418 ausinora

291 549 373 606 anim
394 548 522 606 notione
546 545 701 606 obseoena
724 547 781 604 etsi
810 553 973 624 praeterea
1001 564 1064 602 non
1094 551 1179 602 extat
1206 552 1310 603 tamen
1333 565 1402 623 pro-

290 654 399 712 clivem
426 653 665 731 explicationem
686 650 781 708 habet
810 671 826 708 e
849 653 963 708 iimondi
988 669 1044 708 usu
1073 651 1125 728 qui
1144 649 1239 736 vapud
1261 651 1403 710 Plautum

290 777 519 838 nonnumquam
534 759 673 838 ooonrrit
716 757 862 834 Denique
882 756 941 818 huo
963 756 1120 834 portinere
1143 765 1217 833 puto
1236 757 1324 836 'quod
1347 779 1403 836 pro

290 864 320 924 ee
345 865 365 923 h
400 885 427 924 e.
455 881 514 922 esse
544 871 701 922 exaratum
725 871 771 922 est
792 870 818 919 et
843 863 876 920 in
898 862 957 920 hoe
982 861 1093 920 Lucilii
1114 881 1206 922 vorsu
1235 861 1319 944 apud
1341 864 1403 922 No·

290 972 375 1030 nium
396 989 429 1050 p.
451 979 516 1043 330,
543 979 575 1029 la

441 1099 496 1152 Arii
516 1099 590 1170 quod
610 1100 731 1152 animum
752 1097 864 1152 inemo
883 1099 968 1152 semei
987 1112 1048 1152 esse
1063 1098 1133 1152 erile
1154 1097 1264 1152 omnini
1282 1102 1372 1168 purat,

289 1229 342 1288 ubi
370 1229 441 1289 libri
470 1239 496 1288 et
523 1227 553 1288 ul
580 1235 623 1288 iiie
652 1250 711 1308 quo
743 1229 924 1290 Gerlaohius
952 1231 1046 1287 utitur
1073 1238 1107 1287 ut
1136 1230 1195 1287 arsi
1224 1229 1405 1308 productam

289 1345 319 1393 ut
340 1335 491 1414 syllabam
514 1334 706 1415 comprobet:
730 1337 907 1394 Diintzarus
930 1336 1121 1413 transposuit
1143 1339 1227 1393 ettilo
1249 1333 1322 1413 ud),
1347 1333 1403 1397 sed

288 1445 353 1498 uide
375 1441 446 1499 olim
461 1441 652 1520 vulgabatur.
977 1435 978 1440 ἵ
1373 1441 1375 1446 ’

374 1546 412 1604 In
436 1545 667 1626 Endymionum
689 1547 862 1624 fragmento
889 1565 932 1604 me
958 1547 1067 1621 faceret
1089 1545 1258 1620 editiones,
1287 1555 1406 1603 sumeret

291 1661 391 1711 autem
418 1653 574 1729 Scaligero
603 1654 732 1713 debetur
754 1655 837 1712 ouius
861 1662 1063 1712 commentum
1086 1654 1180 1732 plene
1203 1654 1285 1712 infra
1309 1673 1404 1731 appo·

291 1779 376 1818 nam:
406 1759 539 1817 conferri
568 1751 669 1818 autem
696 1769 799 1838 potest
826 1771 950 1840 praetor
980 1781 1017 1819 ea
1044 1781 1123 1840 quae
1145 1761 1282 1841 Koehius
1305 1759 1405 1818 attulit

290 1867 386 1942 ipsius
415 1866 563 1925 Varronis
591 1864 687 1923 verba
714 1867 796 1944 apud
827 1867 959 1927 Gallium
988 1859 1050 1930 XV
1080 1878 1111 1931 19
1144 1877 1276 1944 quaedum
1304 1882 1406 1940 operae

289 1975 431 2045 sumpsisti
451 1971 500 2029 hie
515 1971 625 2029 Lucilii
648 1990 754 2028 versus
779 1963 864 2050 apud'
884 1973 1019 2032 Nonium
1040 1996 1071 2054 p.
1088 1983 1152 2049 396,
1176 1985 1192 2038 9

441 2109 526 2164 Hdne
541 2110 663 2163 laborem
678 2109 791 2176 ssimae,
814 2091 926 2176 laudem
938 2111 987 2184 qai
1006 2113 1052 2167 rim·
1072 2129 1107 2168 ae
1125 2111 1253 2184 frueirim
1274 2110 1360 2181 ferai.

291 2244 387 2302 Porro
409 2247 513 2316 nimrim
535 2239 618 2320 quod
648 2249 694 2299 ast
721 2244 753 2299 in
776 2242 861 2302 libris
885 2264 901 2302 e
924 2247 1083 2322 proximae
1104 2247 1189 2303 voois
1208 2250 1300 2318 potins
1322 2244 1405 2301 exitu

292 2358 389 2408 ortum
410 2347 548 2406 videtur:
577 2367 648 2405 nam
676 2353 793 2422 apiriam
818 2351 915 2428 ipsius
938 2352 1079 2410 lemmate
1101 2351 1196 2410 Nonii
1217 2352 1351 2408 firmatur
1372 2355 1405 2404 ut

291 2543 493 2554 ..——-—.-

359 2667 382 2734 ²)
401 2670 617 2735 Transponando
642 2670 714 2720 idem
738 2671 781 2721 vir
804 2670 902 2720 doetus
921 2670 992 2720 alios
1015 2671 1160 2720 nonnullos
1182 2669 1287 2721 Luoilii
1309 2684 1406 2720 vorsus
1431 2702 1437 2715 .

294 2760 417 2822 eorrupit
434 2759 512 2808 velut
530 2759 558 2805 in
577 2758 629 2806 hoo

442 2861 491 2919 ‘Ille
510 2876 601 2919 eontra
618 2873 716 2920 omnia:
740 2875 807 2920 mter
820 2875 911 2936 plores
927 2873 1018 2922 se'rsim
1036 2879 1061 2920 et
1075 2874 1256 2936 pedetemptim
1270 2871 1339 2934 foris

293 2989 366 3053 apud
387 2989 506 3038 Nonium
529 3005 554 3052 p.
575 2989 620 3052 29,
645 2990 661 3037 7
684 2997 774 3040 eontra
798 2995 839 3041 ille
863 2995 1045 3056 transposuit:
1070 2992 1144 3056 fugit
1169 3007 1229 3040 eum
1247 2993 1289 3039 ille
1308 3005 1405 3054 prono·

293 3079 374 3128 minis
392 3079 535 3144 prosodia:
556 3095 640 3144 quara
665 3082 693 3129 in
711 3082 763 3130 hoc
782 3081 961 3146 integerrimo
980 3083 1138 3145 septenario
1156 3081 1234 3143 (Non.
1253 3098 1279 3146 p.
1298 3081 1339 3143 37,
1362 3078 1405 3143 19)

444 3199 519 3248 Fder't
537 3199 602 3249 idem
620 3201 689 3265 qnod
705 3202 748 3258 r‘m',
769 3205 811 3266 qui
827 3201 974 3264 inscriptum
992 3201 1095 3263 eperia
1107 3203 1405 3264 exportantolenmmm,

445 3290 484 3338 Ne
497 3291 641 3354 portorium
659 3294 726 3348 dent,

294 3397 327 3448 de
353 3399 430 3449 ouius
460 3405 547 3450 metro
567 3399 732 3450 Gerlaehius
757 3401 900 3452 fatebatur
923 3416 952 3451 sa
983 3415 1037 3450 non
1066 3398 1170 3448 habere
1195 3399 1266 3464 quod
1290 3399 1404 3461 diceret,

292 3488 449 3536 Diintzerus
472 3491 536 3538 idem
559 3496 636 3554 atque
659 3492 703 3540 iiii.
740 3491 840 3540 Itidem
864 3491 893 3540 in
914 3505 950 3540 eo
974 3505 1055 3540 versu
1079 3505 1158 3554 quem
1176 3490 1281 3538 Nonius
1300 3505 1326 3554 p.
1346 3487 1404 3550 527,

293 3575 325 3624 27
345 3577 385 3625 sio
407 3577 522 3641 scripsit
543 3579 590 3628 doe
612 3581 746 3628 invenisset
764 3595 836 3628 naum
860 3583 895 3630 ad
906 3579 1025 3630 morbum
1048 3580 1116 3627 iliam
1138 3580 1231 3628 domini
1246 3583 1285 3628 vei
1301 3578 1406 3628 bellissi-

292 3682 355 3726 mpm
377 3667 521 3730 transponi
544 3670 678 3716 invenisset
700 3669 746 3717 doe
768 3667 889 3718 volebat.
929 3667 995 3716 Fuit
1025 3673 1117 3716 autem
1139 3668 1186 3718 hio
1207 3684 1303 3718 vorsus
1327 3683 1406 3732 quem

295 3753 460 3805 Gerlachius
479 3770 585 3820 quoqne
605 3757 726 3821 eorrupit
744 3755 810 3805 talis

446 3875 505 3924 Ho'e
522 3877 644 3925 invenisse
662 3881 734 3924 siniam
752 3876 788 3924 od
804 3873 912 3924 morbum
929 3875 995 3924 idum
1013 3875 1106 3924 domimi
1121 3877 1161 3924 oei
1177 3874 1341 3924 bellissimum.

293 3991 378 4042 Porro
398 3992 426 4041 in
444 3992 496 4042 hoo
521 3995 677 4059 fragmento
701 3995 772 4058 apud
795 3993 912 4044 Nonium
935 4010 960 4058 p.
980 3993 1042 4055 374,
1067 3993 1100 4040 22
1120 3993 1243 4066 proferat
1266 4009 1327 4057 erpo
1351 3993 1407 4040 lom

296 4081 349 4144 (sio
361 4082 545 4148 Basilienses)
564 4091 648 4134 vester
660 4086 724 4134 ordo
742 4087 853 4144 sceiere,
874 4099 937 4148 quiae
956 4086 980 4132 in
998 4099 1026 4131 se
1045 4084 1175 4132 admiserit
1193 4083 1254 4130 euin
1272 4083 1294 4131 Ι.
1312 4083 1407 4130 Dousa

294 4169 420 4220 heroicos
439 4187 567 4222 numeros
586 4175 752 4222 somniasset
776 4173 932 4222 Diintzerus
957 4177 1004 4221 aut
1021 4176 1070 4222 iam
1088 4172 1234 4221 delendum
1253 4176 1300 4220 aut
1318 4176 1406 4221 trans-

294 4260 447 4324 ponendum
466 4267 550 4322 oester
567 4263 615 4310 ium
635 4262 764 4310 coniecit.
800 4261 884 4310 Immo
904 4261 1077 4312 scribendum
1096 4261 1150 4310 init
1207 4321 1209 4326 Ι

448 4379 572 4441 Prdseret
591 4395 653 4444 erpo
670 4383 719 4428 iuro
738 4380 803 4429 o'rdo
820 4387 905 4430 vester
921 4383 1021 4429 seelera
1040 4395 1103 4456 pirae
1121 4381 1147 4428 in
1164 4395 1192 4430 se
1210 4381 1350 4430 admiserit.
1373 4421 1375 4426 .
