3274 5078
215 330 218 339 ·
311 292 350 354 38
785 307 946 380 nnnuucrn
1031 341 1038 354 ,

311 484 396 537 dolo
422 487 476 535 est
504 479 547 534 ud
573 479 725 545 turbam,
758 478 814 532 rubi
838 493 920 534 sera
948 479 1078 532 militia
1102 479 1135 532 in
1162 492 1309 532 munera
1335 479 1421 534 velli

310 594 344 643 ut
360 573 599 658 prdestarem.
634 580 804 665 inquibus
825 585 852 637 in
879 581 962 659 quod
985 601 1002 640 e
1025 569 1182 660 proximae
1205 583 1289 640 vocis
1318 583 1421 656 littera
1444 613 1448 618 -
1469 610 1481 620 ·

310 691 422 749 initiali
438 697 535 748 ortum
550 697 623 766 puto
639 696 723 746 recte
745 687 816 746 olim
833 686 1015 746 deleverunt
1035 707 1094 746 nec
1116 691 1177 746 velli
1198 707 1266 746 esse
1288 671 1420 766 probalit
1477 708 1483 725 ·

312 793 494 875 quemquam
517 781 605 871 fugit.
649 791 732 869 Quid
754 812 827 851 vero
856 801 1018 870 praeterea
1045 793 1264 870 temptaverint
1288 802 1318 852 et
1345 793 1419 873 quid

312 905 379 980 ipse
396 900 577 960 coniecerim
598 899 632 956 in
654 898 863 956 coniectaueis
885 919 916 976 p.
932 906 965 958 81
988 899 1156 976 explicavi:
1182 919 1262 956 nunc
1284 919 1419 958 seorsum

312 1009 349 1066 ab
366 1009 426 1067 illis
449 1029 508 1086 quo
530 1006 705 1064 sententiae
727 1003 854 1084 satisfiat
870 1005 914 1062 nil
930 1005 990 1062 nisi
1005 1007 1051 1060 ubi
1064 1005 1254 1062 correctione
1277 1004 1419 1082 indigere

310 1114 460 1190 intelligo.
497 1112 721 1170 Potuit'Varro
743 1114 779 1166 iri
803 1109 935 1168 seribere
967 1109 1048 1189 quod
1071 1107 1221 1168 Oehlerus
1249 1111 1417 1188 proposuit,

310 1211 411 1295 potuit
432 1203 513 1296 quod
535 1218 608 1276 mihi
630 1218 726 1293 magis
749 1216 851 1294 placet
872 1219 910 1271 nd
932 1217 1040 1272 turdum
1061 1217 1124 1272 abii.
1155 1215 1303 1274 Neutrum
1319 1216 1420 1275 obstat

310 1323 347 1381 iis
364 1343 439 1401 quos
454 1324 527 1391 mihi
544 1323 700 1382 detexisse
716 1322 846 1381 videbar
860 1323 993 1380 numeris
1010 1321 1232 1398 anapaesticis:
1248 1323 1305 1382 sed'
1313 1317 1420 1381 'obstat

309 1446 374 1485 sero
388 1432 489 1486 militia.
519 1428 616 1506 Atqui
631 1427 726 1486 verba
742 1449 805 1486 non
821 1426 931 1486 absunt
953 1447 971 1485 a
986 1431 1083 1488 forma
1104 1431 1225 1508 poetica
1239 1430 1279 1488 'et
1301 1430 1418 1486 numeri

310 1533 375 1592 fere
391 1535 601 1612 impinguntur
617 1535 649 1592 in
666 1552 765 1600 aures.
796 1533 843 1590 Ao
863 1535 1014 1610 refingere
1035 1543 1132 1593 metra
1147 1536 1253 1594 liceret
1278 1535 1305 1594 si
1320 1509 1422 1596 Varro

310 1659 373 1709 non
388 1658 453 1697 sera
469 1645 561 1698 militia
576 1639 631 1699 sed
645 1641 711 1714 fera
727 1657 843 1696 munera
859 1641 921 1696 belli
934 1639 1049 1699 dixisse
1065 1640 1256 1701 crederetur:

462 1837 469 1851 .
494 1796 555 1867 to'pa
574 1771 663 1848 tracta
681 1801 721 1848 est
737 1801 762 1850 et
781 1795 869 1848 ubo'llo
887 1795 951 1850 datu
967 1801 1023 1850 est:

460 1900 505 1954 An
518 1901 625 1956 lr'crbum
644 1901 709 1965 obii,
730 1897 906 1972 ferendillo

461 1984 581 2061 Murem
596 2007 658 2060 belli
669 2013 698 2061 ut
709 2003 894 2077 praesldrem.

311 2153 374 2212 Sed
397 2174 464 2212 cum
485 2176 574 2214 nemo
600 2155 702 2213 dicere
724 2156 821 2233 possit
843 2177 902 2234 quo
924 2157 989 2214 iure
1010 2174 1075 2213 sera
1102 2161 1195 2214 militia
1216 2159 1298 2217 hunc
1319 2151 1418 2234 locum

310 2259 448 2342 obtineat
469 2263 616 2320 intactam
631 2261 764 2338 relinqui
786 2262 962 2319 memoriam
984 2246 1155 2340 oportebit:
1178 2283 1250 2322 nam
1271 2263 1330 2322 nisi
1347 2283 1419 2320 casu

311 2367 499 2426 numerosius
514 2367 610 2426 verba
633 2367 788 2440 exierunt,
811 2369 911 2445 potuit
924 2369 990 2426 fieri
1007 2377 1040 2425 ut
1055 2369 1153 2428 Varro
1176 2375 1288 2446 po'e'tae
1311 2389 1417 2428 versus

309 2473 351 2530 ita
368 2473 498 2531 orationi
520 2492 593 2532 suae
615 2472 858 2533 accommodaret
873 2483 905 2532 ut
920 2489 980 2550 ¹nce
995 2484 1191 2534 servarentur
1207 2483 1347 2534 accurate
1363 2495 1417 2533 nu-

309 2579 384 2636 meri
400 2599 457 2637 nec
473 2579 596 2638 omnino
618 2578 765 2656 perirent.

394 2683 482 2761 Quae
520 2684 559 2742 de
595 2684 812 2760 Mysteriorum
843 2684 1014 2760 fragmento
1057 2683 1139 2764 quod
1174 2685 1256 2766 apud
1284 2688 1417 2773 Nonium

309 2811 340 2868 p.
362 2796 422 2862 280,
445 2797 479 2850 29
500 2791 533 2848 in
551 2789 633 2847 hunc
655 2788 777 2848 modum
803 2790 983 2849 medilunia
1004 2794 1034 2850 r'd
1055 2796 1130 2865 sirpo
1152 2795 1201 2850 dos
1220 2811 1240 2848 o
1259 2793 1365 2865 semina
1389 2799 1420 2848 ut

310 2896 474 2969 asperatur,
502 2912 573 2970 quae
594 2897 661 2996 mihi
674 2903 856 2972 ppsteaquom
873 2900 912 2954 nd
935 2901 1110 2954 concordium
1133 2901 1205 2954 dicto
1226 2905 1266 2954 ert
1291 2897 1324 2954 in
1346 2915 1416 2956 con·

308 3002 457 3060 iectaneis
479 3023 510 3080 p.
527 3006 576 3062 217
599 3003 761 3081 proposui,
786 3022 823 3060 ea
845 3021 913 3062 sero
934 3003 1001 3062 vidi
1021 3005 1210 3062 artificiosius
1235 3023 1302 3062 csse
1325 3022 1416 3082 quae·

204 3188 211 3196 .
263 3101 264 3104 ¹
309 3107 377 3166 sita.
407 3109 497 3166 Nunc
509 3108 675 3186 simplicius
691 3106 1134 3186 sententiae.probabilitatem
1158 3111 1288 3184 sectanti
1309 3109 1418 3168 videor

238 3238 243 3250 ·
308 3215 381 3272 mihi
396 3234 502 3273 verum
518 3235 534 3274 e
549 3213 671 3274 traditis
687 3213 795 3272 litteris
811 3212 869 3273 hoo
884 3213 974 3272 modo
998 3215 1109 3274 elicere
1131 3219 1199 3273 illud
1216 3233 1313 3290 arpeo,
1334 3219 1383 3273 dos
1399 3237 1417 3272 α
1439 3271 1441 3276 .

307 3324 412 3394 femina
428 3331 457 3378 ut
473 3323 631 3396 auferatur.
666 3322 742 3390 Quae
756 3321 823 3376 milvi
837 3339 861 3377 e.
879 3340 908 3399 q.
925 3340 949 3379 s.

391 3426 682 3506 RQuinquatribus
705 3417 789 3506 quod
810 3425 929 3484 Nonius
952 3447 983 3504 p.
1006 3432 1065 3498 190,
1088 3435 1137 3500 2ὀ;
1166 3430 1225 3499 314,
1249 3431 1296 3502 135
1318 3435 1378 3500 337,
1400 3440 1416 3490 5

309 3529 695 3610 persenbit‚fragmentum
715 3533 780 3604 quid
801 3533 903 3588 modico
926 3534 992 3616 milri
1007 3540 1047 3588 est
1067 3526 1157 3606 opus?
1182 3549 1279 3606 nempe
1302 3540 1346 3589 tuo
1368 3537 1417 3590 clr-
1487 3607 1489 3612 Ι

307 3637 434 3695 ariadnam
457 3634 618 3713 (alsenam
633 3632 694 3730 bip)
717 3639 756 3692 uti
770 3640 788 3709 ·(
816 3635 934 3710 flebam
956 3654 1069 3711 prooem
1090 3644 1116 3694 et
1134 3647 1288 3698 castoreum
1311 3638 1416 3715 (coslo-

214 3801 219 3809 ,
238 3799 244 3810 ,
307 3741 381 3821 rem)
397 3746 532 3817 levemque
548 3739 684 3824 (leveque)
703 3744 790 3802 robur
811 3741 844 3798 in
861 3759 897 3799 eo
920 3743 1136 3802 consdtuendo
1152 3744 1193 3802 H.
1209 3743 1248 3802 A.
1264 3745 1416 3831 Koolrium

286 3829 289 3835 Δ
310 3845 423 3926 (exere.
441 3870 471 3927 p.
487 3846 534 3925 29)
551 3850 595 3919 ita
611 3857 730 3908 secutus
754 3869 836 3908 eram
856 3849 888 3906 in
912 3850 1121 3908 coniectaueis
1142 3869 1173 3928 p.
1196 3857 1228 3911 27
1250 3859 1336 3925 utet
1357 3855 1416 3908 ideo
1454 3839 1458 3846 ’

307 3973 491 4031 reponerem
511 3975 566 4032 pro
589 3953 633 4014 luo
655 3963 684 4014 et
706 3955 910 4033 fragmentum
932 3957 1016 4015 ouius
1037 3954 1090 4012 ille
1116 3963 1236 4034 partem
1260 3977 1327 4016 esse
1353 3977 1414 4015 me-

260 4096 269 4108 ·
307 4060 414 4118 tricem
435 4058 554 4118 dixerat
580 4069 676 4118 totum
699 4060 836 4123 versibus
860 4062 1074 4122 describerem.
1116 4061 1208 4139 Quod
1228 4063 1415 4140 vituperavit

310 4185 411 4244 nuper
432 4166 634 4238 Buchclcrm,
662 4145 757 4237 instat
784 4187 852 4226 esse
882 4169 1053 4227 orationem
1080 4167 1351 4250 pedestremffcui
1382 4177 1415 4228 ut

308 4290 371 4328 non
387 4271 743 4378 possum‘contradicere
763 4275 909 4355 ita—quae
927 4274 965 4332 de
986 4273 1089 4334 verbis
1112 4293 1255 4334 mensura
1274 4294 1415 4334 versuum
