3274 5078
672 400 819 450 ueniens.
1017 411 1024 428 ·
1061 429 1064 434 .
1270 387 1307 448 19

191 565 240 625 ed.
263 563 324 645 md,
347 567 457 627 Lucilii
481 565 534 624 lib.
556 567 621 626 III:
644 557 757 626 anicula
779 586 882 642 aspera
904 577 986 645 atque
1005 589 1134 644 praecox
1161 581 1202 631 est
1224 575 1307 652 sapa,

167 653 283 732 *Nouii
307 669 347 752 [v.
374 681 421 734 126
444 669 557 751 Ritul.
594 675 751 732 ,Nimirum
777 673 854 733 haec
870 693 1002 748 maceca
1026 687 1071 734 est
1089 679 1160 751 supa
1182 677 1307 736 residua

189 788 260 837 sunt
283 799 303 844 e,
322 781 470 840 Varronis
494 780 635 858 exemplo
661 778 743 858 quod
766 779 1006 840 homoeoteleuti
1033 784 1154 846 ratione
1183 785 1307 844 interei-

191 884 249 959 dit,
277 894 310 944 ut
333 883 374 944 ad
395 887 547 946 Lucilium
568 885 700 944 redeant
721 885 799 944 haec
820 894 939 947 tantum
966 893 1076 946 anicula
1099 906 1203 963 aspere
1226 900 1308 966 atquc

182 1008 314 1062 praecoce
344 1011 431 1070 quae
453 993 506 1071 qui
534 991 574 1054 ad
596 990 788 1070 probabilem
810 994 997 1052 sententiam
1019 1004 1051 1053 et
1072 995 1228 1055 heroicum
1251 1017 1307 1054 nu·
1369 1029 1371 1033 ·

188 1117 302 1157 merum
324 1099 477 1156 revocarit
490 1098 556 1156 vidi
571 1099 741 1158 neminem:
765 1099 854 1156 immo
875 1101 1041 1177 Vargesius
1063 1101 1306 1181 Gerlachiusque

189 1222 228 1260 ne
251 1203 336 1260 illum
359 1202 482 1280 quidem
505 1205 627 1283 pridem
649 1206 839 1266 aPalrnerio
859 1207 1054 1285 perspectam
1073 1208 1133 1266 luci
1151 1207 1306 1268 condicio·

189 1328 259 1366 nem
282 1291 507 1386 agnoverunt..
611 1335 613 1339 ’
1036 1372 1038 1375 ,

273 1415 311 1474 In
346 1417 557 1476 controversia
590 1425 638 1476 est
670 1396 879 1495 interpunctio
913 1418 946 1475 in
979 1419 1124 1480 Herculis
1158 1417 1307 1478 Socratici

188 1520 361 1597 fragmento
400 1522 483 1601 quod
510 1523 644 1582 Nonius,
660 1523 707 1582 his
732 1525 844 1602 ,attulit
876 1545 909 1602 p.
938 1535 998 1598 539,
1028 1533 1043 1587 7
1079 1527 1201 1583 cdlames
1228 1545 1254 1600 q.
1282 1544 1307 1585 s.

195 1627 270 1701 Virp.
287 1674 295 1687 .
313 1669 345 1686 ..
376 1631 467 1690 Varro
489 1632 611 1702 Hercule
635 1631 794 1688 Socratica.-
816 1633 901 1688 cabo
923 1634 958 1687 in
980 1631 1189 1690 Sardiniais
1211 1639 1305 1706 tape-

189 1734 306 1793 didas:
328 1735 502 1792 clamides
524 1743 554 1790 et
570 1753 760 1809 purpurea
782 1739 934 1798 amicata
958 1745 989 1794 et
1009 1757 1040 1814 p.
1062 1746 1127 1811 542,
1154 1750 1185 1802 15
1207 1747 1307 1819 tapete,

78 1859 81 1866 ¹
189 1845 292 1911 tepmen
315 1842 510 1914 natitepietnnt
533 1841 567 1901 de
588 1843 725 1900 coloribus
746 1847 840 1900 ecrite.
891 1845 982 1900 Varro
1005 1845 1126 1902 Hercule
1149 1847 1307 1904 Socratica:

188 1949 222 2002 tn
245 1949 404 2004 omnious
431 1948 537 2004 renas
569 1931 915 2006 aoats'coaeaaanrs:
944 1951 1029 2006 caea
1057 1953 1090 2006 aa
1113 1951 1305 2008 sarasan-

136 2057 138 2060 ’
189 2053 294 2108 nilus
328 2037 519 2124 tapetibus.
572 2053 623 2112 Sic
652 2054 734 2112 enim
762 2047 845 2132 pone
874 2059 1027 2112 cottidianis
1056 2075 1122 2114 cnm
1150 2057 1306 2116 Mereerus

188 2165 251 2216 tum
285 2158 475 2226 Basilienses
513 2160 647 2221 editores
684 2153 952 2239 into‘rpunxerunt.
1014 2159 1165 2225 Oehlerus
1201 2173 1305 2224 autem

189 2265 259 2322 sine'
284 2265 347 2324 ulla
377 2265 576 2330 distinctione
604 2271 638 2336 in¹
660 2271 782 2326 emeritus
810 2271 894 2325 cebris
910 2269 991 2327 danis
1013 2271 1166 2326 cotidianas
1188 2273 1255 2328 cubo
1278 2274 1306 2326 in

190 2371 217 2426 S.
243 2378 274 2427 et
296 2371 404 2429 itidem
430 2375 575 2452 Riiperus·
596 2375 648 2454 qui
670 2383 767 2432 metra
790 2383 923 2432 sectatus
945 2376 991 2434 ita
1017 2373 1122 2434 scribit
1150 2375 1182 2432 in
1208 2374 1306 2450 philo-

189 2474 252 2551 logi
275 2477 323 2534 IX
346 2498 376 2555 p.
401 2486 452 2540 236

341 2630 377 2686 In
399 2631 524 2689 cimicibus
546 2634 629 2689 rctds
650 2635 726 2691 lonis
748 2633 855 2691 cottidie

341 2739 479 2794 Aecdmto
500 2741 528 2795 in
551 2741 726 2796 Sardidmcis
748 2740 896 2812 tapetibus,

341 2844 521 2917 Cnlamydcist
536 2863 687 2919 purpurea
710 2846 830 2903 amicalo
854 2888 989 2903 .....
1013 2846 1016 2854 '

189 3013 231 3075 Et
257 3022 361 3074 tamen
390 3013 511 3091 pridem
533 3014 737 3073 Ruhnkenius
764 3015 804 3072 ad
827 3014 974 3072 Rutilium
996 2987 1117 3092 Lupum
1138 3015 1157 3072 Ι
1178 3023 1195 3074 2
1218 3036 1248 3094 p.
1275 3026 1304 3075 lt.

189 3121 364 3180 sententiae
387 3122 552 3198 particulas
577 3122 735 3181 verissime
757 3122 801 3179 ita
824 3120 1009 3182 distinxerat
1030 3125 1057 3176 in
1080 3121 1203 3178 ammius
1225 3121 1308 3178 rebus

190 3227 282 3298 bonu,
311 3229 455 3284 cottidiano
483 3231 551 3304 cudo
572 3233 600 3284 in
624 3230 654 3284 S.
678 3237 696 3286 t.
740 3228 807 3286 Nee
833 3227 918 3286 enim
939 3217 1074 3284 Nonium
1104 3226 1156 3304 qui
1185 3227 1308 3285 noverit

190 3329 222 3386 in
247 3349 282 3400 eo
305 3330 447 3390 haerebit
470 3331 553 3411 quod
572 3333 674 3410 priore
697 3332 774 3391 loco·
787 3332 913 3410 reliquis
931 3333 1050 3394 omissis
1072 3353 1090 3390 a
1111 3335 1180 3390 culto
1201 3353 1265 3391 non
1289 3354 1307 3392 a

190 3440 343 3494 cottidianis
366 3439 551 3498 sententiam
573 3437 700 3514 incepit.
745 3436 792 3495 Ac
814 3443 958 3496 cottidiano
987 3459 1110 3520 quoque
1133 3459 1223 3519 quum
1245 3441 1306 3498 for·

190 3561 269 3600 mum
293 3542 448 3603 Charisius
465 3545 481 3604 I
498 3565 529 3623 p.
549 3551 595 3606 177
612 3544 648 3602 Ρ.
673 3543 821 3619 exemplis
844 3543 976 3603 firmavit
990 3545 1209 3606 Ruhnkenium
1231 3555 1305 3626 puto

191 3649 303 3708 rectius
318 3651 477 3728 scripsisse
494 3670 585 3729 quam
600 3649 690 3707 Iunio
708 3655 830 3707 auctore
847 3648 1015 3710 Oehlerum
1029 3655 1203 3711 cottidianas.
1243 3651 1305 3728 (Of.

192 3754 228 3813 d.
243 3755 384 3814 Halmius
407 3755 447 3814 ad
464 3755 526 3814 Cio.
551 3777 593 3816 cr.
617 3757 649 3817 in
666 3756 738 3814 vat.
760 3764 820 3830 -1,3
842 3777 872 3836 p.
889 3756 947 3834 38).
992 3758 1075 3817 Illud
1098 3766 1200 3817 autem
1223 3756 1305 3835 quod

192 3871 238 3921 est
259 3865 408 3920 cottidianis
429 3860 619 3922 librarionrm
643 3861 805 3920 oscitantia
831 3861 870 3927 ob
895 3861 1041 3920 viciniam
1067 3865 1142 3920 bonis
1164 3861 1307 3920 vocabuli

192 3969 319 4042 effinxit,
345 3966 600 4048 quemadmodum
615 3967 730 4026 ibidem
745 3967 957 4026 Sardinianibas
980 3977 1081 4028 ortum.
1101 3975 1147 4028 est
1169 3987 1185 4025 e
1204 3967 1307 4046 proxi-

191 4096 258 4135 mae
281 4077 365 4136 vocis
388 4076 524 4149 tapetibus
540 4074 633 4132 exitu.
670 4073 811 4150 Riiperus
835 4081 936 4130 autem
958 4071 1051 4130 valde
1066 4072 1205 4152 improbo
1223 4072 1306 4152 quod

191 4182 280 4242 metri
302 4199 394 4240 eausa
416 4183 521 4240 cottidie
541 4181 705 4263 reposuit,¹
724 4180 776 4257 qni
804 4199 845 4237 ne
874 4181 944 4236 ciebo.
964 4178 1089 4258 quidem
1111 4177 1150 4237 ob
1164 4177 1306 4236 eandem

193 4289 342 4348 rationem
364 4296 481 4347 mutare
503 4287 536 4345 in
559 4288 690 4343 accumbo
714 4284 828 4343 debuit.
871 4285 950 4342 Nam
973 4284 1128 4342 numerosi
1152 4282 1226 4362 quid
1250 4283 1319 4340 etsi*

193 4394 424 4470 persentiscitur
445 4394 477 4451 in
501 4393 562 4451 illis
577 4390 694 4463 verbis,
718 4398 822 4448 tamen
846 4408 903 4465 ego
928 4388 1085 4447 demetra
1108 4389 1167 4446 hoc
1189 4397 1307 4446 tantum

1061 4488 1104 4548 pa
