3274 5078
707 346 854 387 nomem.
1297 331 1337 394 23

224 512 431 593 superioribus
447 530 495 571 eus
517 518 545 571 tu
567 531 661 571 ceram
684 516 894 573 conscribilluuit
907 517 1039 574 Her‘culr's
1061 518 1336 593 circumferebatur,

223 620 380 678 Mercerus
402 621 471 698 ipse
499 637 548 678 eos
572 622 752 678 inseritilluui
770 623 903 679 Herculis
925 623 1036 700 reponi
1064 625 1159 700 suasit
1185 625 1218 682 in
1242 625 1337 683 adno-

223 725 356 799 tatione,
388 725 524 805 denique
548 725 699 786 Oehlerus
722 743 805 784 cerus
832 731 1033 786 conscribimus·
1052 731 1185 786 Herculis
1208 731 1337 809 exprimi

224 831 342 888 curavit
374 851 438 889 non
473 832 525 890 ille
560 833 734 894 assentiens
767 813 880 892 editori
909 835 1076 893 Basiliensi
1106 835 1223 914 aliquid
1257 837 1337 894 exci-

132 934 138 951 ⁵
223 935 307 996 disse
340 937 489 1006 iudicanti
523 939 702 998 rectissime.
758 941 907 999 Nimirum
944 943 987 999 sic
1020 949 1082 999 tam
1112 941 1211 1000 Varro
1247 963 1339 1021 quam

222 1042 342 1102 Nonius
365 1045 552 1121 scripserant
1250 1059 1252 1062 ·

372 1163 475 1244 ‘Itaque
495 1189 545 1230 eus
565 1171 691 1231 ince'ruui
709 1174 806 1248 [alque
827 1176 1042 1246 cduscrihillaui]
1063 1175 1195 1232 Herculis

372 1263 475 1334 'Athlia

222 1405 302 1462 Nam
324 1423 364 1461 ne
389 1403 428 1462 de
443 1424 535 1463 versu
558 1404 683 1484 quidem
698 1407 772 1464 mihi
788 1405 910 1465 videtur
927 1405 1130 1465 dubitandum
1146 1426 1224 1466 esse.
1265 1406 1338 1465 Cor-

222 1508 373 1586 ruptelam
396 1517 498 1567 autem
520 1511 716 1570 manifestum
740 1521 786 1570 est
807 1520 935 1592 propter
951 1512 1080 1590 parilem
1095 1513 1257 1573 verborum
1274 1514 1332 1574 exi·

222 1622 284 1671 tum
308 1622 404 1673 ortam
428 1635 513 1689 esse,
539 1617 798 1697 quemadmodum
819 1619 851 1675 in
874 1618 933 1676 hoc
955 1637 1047 1676 versu
1069 1619 1217 1678 Varronis

374 1769 421 1854 ribi
438 1787 539 1844 prauea
557 1770 714 1843 pascuntur
735 1779 816 1844 utqrce
838 1769 950 1828 aluntur
967 1773 1109 1844 pauonum
1129 1787 1228 1846 preyes

223 1937 289 1976 cum
318 1939 336 1976 a
363 1921 467 1980 Nonio
497 1919 544 1980 bis
574 1920 773 2005 perhibeatur
800 1945 830 2002 p.
860 1929 919 1994 314,
950 1931 985 1983 30
1018 1931 1048 1980 et
1076 1929 1195 2001 pito,
1220 1931 1253 1986 13
1279 1922 1338 1982 hoc

222 2026 394 2104 posteriore
419 2028 485 2086 loco
515 2047 598 2106 pone
617 1996 775 2100 poscuntur
801 2027 879 2086 haec
907 2047 989 2110 quae
1016 2037 1088 2086 sunt
1116 2037 1198 2104 ratque
1225 2033 1339 2086 ulurrtur

223 2134 334 2192 omissa
357 2143 437 2192 sunt.
484 2132 620 2210 Similem
650 2129 839 2190 emendandi
868 2134 949 2191 viam
971 2135 1113 2212 decrus
1142 2135 1211 2192 iniit
1238 2134 1337 2213 philo-

221 2239 284 2315 logi
315 2239 364 2298 IX
395 2259 425 2317 p.
457 2247 508 2301 232
537 2240 589 2318 qui
619 2240 707 2297 metri
737 2239 869 2314 vestigia
896 2229 1005 2316 legens
1037 2240 1189 2318 duplicem
1217 2239 1337 2298 confor-

221 2345 387 2404 mationem
409 2345 570 2424 proposuit
591 2344 673 2402 hanc
925 2328 928 2332 ’

372 2471 476 2554 situque
498 2482 605 2536 tubulos
626 2480 752 2538 r'neeruui
772 2488 798 2536 et
818 2481 1021 2538 couscribdluui
1040 2482 1172 2542 Herculis

372 2577 468 2643 ‘Athin

221 2694 272 2751 vel
371 2681 475 2764 'Itaque
497 2708 545 2748 eus
566 2691 692 2750 iuceru'u¹
712 2701 738 2748 et
757 2692 841 2748 *aratu
862 2677 1063 2752 conscrihiltuui
1084 2695 1224 2756 Herculis.

223 2845 359 2922 Quarum
379 2844 457 2902 haec
471 2842 643 2902 modestiae
666 2844 765 2901 lineas
790 2843 926 2916 excedit,
951 2846 984 2904 in
1006 2846 1060 2903 illa
1082 2856 1206 2925 praeter
1228 2865 1335 2905 neces·

222 2951 343 3009 sitatem
371 2951 422 3008 vel
450 2951 538 3009 metri
568 2951 620 3008 vel
649 2951 824 3008 sententiae
853 2969 910 3029 pro
946 2967 995 3007 eus
1021 2953 1190 3030 repositum
1218 2956 1334 3010 tubulos.

222 3058 289 3116 Etsi
319 3057 401 3115 enim
429 3056 506 3114 nihil
535 3055 620 3115 aliud
649 3075 740 3134 quam
767 3053 888 3113 tabulas
918 3056 1084 3132 significari
1112 3067 1251 3137 apertum
1281 3067 1336 3130 est,

223 3163 267 3221 uil
291 3171 395 3221 tamen
417 3162 549 3242 impedit
572 3184 631 3242 quo
660 3163 760 3221 minus
790 3181 893 3220 earum
920 3163 953 3219 in
977 3162 1185 3240 superioribus
1208 3165 1337 3222 mentio·

222 3269 411 3327 neminisse
442 3267 611 3326 credamus.
643 3268 801 3327 'Ceterum
823 3267 878 3324 illa
907 3270 1101 3346 eprooemio
1124 3278 1244 3348 sumpta
1267 3277 1338 3328 sunt

222 3382 344 3433 saturae
380 3394 440 3453 qua
469 3373 567 3433 Varro
604 3374 670 3432 fere
705 3382 739 3431 ut
773 3375 805 3431 in
835 3373 1032 3458 Sesquiulixe
1060 3373 1177 3434 ‘cursus
1206 3375 1336 3454 duplicis

222 3501 280 3561 per
299 3501 383 3540 mare
406 3475 528 3542 Ulixei’
553 3481 597 3539 sic
619 3457 761 3538 Herculis
793 3480 877 3538 athla
907 3501 942 3539 ac
970 3482 1237 3560 peregrinationes
1268 3501 1336 3562 per-

222 3589 395 3666 scripserat.

307 3695 369 3752 Per
395 3694 666 3754 homoeoteleuton
695 3701 769 3772 puto
798 3713 905 3752 vocem
932 3695 1088 3754 interiisse
1116 3697 1148 3754 iu
1177 3697 1235 3754 hoc
1262 3713 1335 3774 quo·

223 3817 283 3880 quo
313 3799 485 3876 fragmento
515 3799 554 3857 de
576 3800 725 3867 Varronis
755 3799 1055 3861 Gerontodidascalo
1089 3800 1171 3879 apud
1200 3801 1336 3859 Nonium

222 3927 253 3986 p.
284 3913 347 3979 112,
372 3913 406 3965 22
435 3907 546 3978 confluit
574 3908 717 3962 mulierum
746 3912 801 3961 totu
829 3906 932 3962 Romu:
964 3923 1035 3980 quae
1063 3913 1144 3962 noctu
1170 3909 1236 3979 fieri
1261 3909 1337 3964 initia

222 4015 300 4070 solitu
320 4015 476 4069 etiamnunc
492 4013 579 4084 pinea
599 4012 670 4084 suas
692 4013 803 4068 iudicat.
847 4012 976 4072 Frustra
999 4011 1080 4068 enim
1103 4010 1262 4088 superiora
1283 4011 1338 4069 illa
1406 4081 1412 4096 ι

224 4116 375 4177 Oehlerus
403 4118 447 4176 ita
477 4115 625 4194 explicuit
650 4116 795 4190 confluunt
819 4123 947 4192 quotquot
974 4124 1037 4174 suut
1065 4119 1171 4175 Romae
1198 4121 1337 4191 nrulieres,

222 4225 258 4281 in·
278 4243 368 4303 quam
389 4243 454 4282 rem
469 4220 553 4302 quod
568 4222 622 4281 ille
636 4222 844 4282 Eumenidum
857 4223 1062 4301 fragmentum
1085 4223 1158 4281 citat
1179 4226 1274 4296 aulum
1297 4267 1303 4280 .
1329 4266 1336 4280 .

223 4347 278 4386 nou
298 4331 446 4402 furiarum
466 4332 518 4390 sed
533 4347 688 4404 puerorum
710 4337 792 4406 atqua
813 4333 977 4389 ancillarum
1006 4349 1041 4388 eo
1065 4329 1143 4388 nihil
1161 4327 1245 4387 aliud
1267 4347 1336 4408 pro-
