3274 5078
294 308 312 366 2
771 323 933 364 nustricus

176 527 180 534 ·
266 565 268 572 y
294 495 450 576 scriptoris
479 491 699 552 obscuraretur.
744 493 779 549 P.
807 500 867 564 213,
894 499 929 552 23
952 490 1055 550 scribit
1078 491 1197 550 Nonius
1225 496 1404 565 margaritum

291 607 402 675 perceris
421 603 520 659 uculri.
572 588 662 654 Varro
678 586 850 677 Ἑκατόμβῃ
871 592 938 673 περὶ
958 596 1090 656 ductus:
1116 601 1173 654 ubi
1198 602 1261 656 illa
1285 601 1405 673 fulera

292 723 514 783 percussuque
541 707 693 779 csippiu,
724 705 768 759 El
793 721 891 758 arma
918 707 1110 775 margariti
1134 699 1405 774 uuudruuurru?

295 815 433 876 Feruiuini
459 812 551 868 Varro
576 829 601 867 e.
621 829 650 888 q.
675 829 699 888 sy.
736 807 875 865 Priorem
898 827 1018 866 versum
1041 809 1105 866 leui
1127 813 1405 872 manu'Meinekius

245 896 250 904 Ι
296 919 430 977 restituit
460 917 596 994 reposito
618 932 740 987 pemmru
766 921 861 986 utque:
890 913 922 969 in
947 913 1042 972 sltcro
1072 933 1138 972 cum
1165 923 1313 990 margariti
1331 919 1406 976 nihil

296 1043 364 1082 esse
393 1021 552 1080 videretur
580 1018 655 1077 inde
679 1039 697 1075 a
717 1019 807 1077 Iunio
832 1026 863 1076 et
883 1019 1021 1078 Merccro
1044 1026 1195 1095 margarito
1217 1023 1404 1100 vulgabatur,

295 1128 378 1208 quod
402 1128 548 1186 convenit
572 1124 696 1205 quidem
711 1125 814 1182 Nonio
831 1129 1012 1198 marparilum
1029 1135 1136 1184 neutro
1154 1115 1276 1204 *genere
1292 1129 1406 1186 dixisse

294 1237 465 1294 Varronem
494 1231 718 1311 praecipienti,
749 1229 804 1288 scd
834 1250 908 1288 are
932 1241 962 1289 et
991 1233 1147 1290 sententia
1175 1234 1317 1293 abhorret
1348 1253 1406 1313 qua

295 1345 453 1416 murpurilis
480 1338 582 1417 potius
611 1335 724 1413 plurali
753 1356 879 1394 numero
910 1339 1020 1416 reponi
1043 1341 1233 1420 ,exposcitur
1279 1339 1342 1398 Sed
1371 1359 1407 1398 es

294 1456 421 1525 recepta
457 1441 675 1503 emendatione
714 1461 804 1519 quum
832 1443 1040 1501 Burmannum
1076 1445 1187 1502 fecisse
1216 1446 1405 1504 Basilicnscs

295 1561 423 1611 narrant
445 1552 516 1609 ilico
536 1557 667 1628 apparet
681 1549 740 1606 hoc
757 1548 881 1626 quidem
905 1550 1046 1626 exemplo
1062 1550 1196 1606 Nonium
1213 1570 1272 1628 quo
1295 1571 1405 1624 ruorpu·

294 1664 376 1716 ritum
405 1665 513 1715 neutro
542 1674 658 1732 genere
687 1652 832 1733 probaret
862 1655 906 1711 uti
940 1675 1002 1712 non
1031 1655 1184 1732 potuisse:
1219 1675 1277 1713 nec
1304 1665 1406 1714 tamen

295 1759 470 1822 audiendus
494 1764 520 1821 si
544 1762 611 1841 quis
636 1768 778 1838 corrupto
803 1760 971 1837 exemplari
995 1761 1156 1838 deceptum
1180 1782 1247 1822 esse
1263 1783 1406 1840 gramma·

294 1871 387 1928 ticum
407 1871 518 1928 instet:
546 1869 635 1926 immo
665 1866 750 1924 nulla
777 1873 892 1923 mutata
919 1866 1021 1924 littora
1048 1867 1105 1926 sed
1134 1869 1304 1926 coniunctis
1329 1889 1406 1948 quae

295 1975 374 2034 male
398 1974 552 2032 diiunctae
581 1982 669 2031 erant
695 1973 785 2029 unius
808 1970 950 2030 vocabuli
977 1973 1114 2051 partibus
1143 1975 1247 2052 prodit
1269 1975 1301 2032 id
1325 1974 1407 2053 quod

296 2084 467 2141 Varronem
483 2079 643 2157 scripsisse
666 2085 780 2134 certum
803 2085 849 2134 est
870 2083 1199 2151 usurparilicuudicuuliu.
1238 2080 1325 2158 Quae
1344 2082 1407 2160 qui-

297 2189 367 2247 dem
389 2189 487 2246 forma
513 2195 547 2244 ut
574 2185 674 2263 potuit
702 2164 846 2244 facillime
875 2184 975 2242 fraudi
1005 2205 1081 2244 sane
1110 2187 1168 2244 fuit
1189 2187 1306 2259 Nonio,
1336 2187 1408 2245 licet

295 2297 467 2356 Varronem
481 2295 661 2366 marpurilum
685 2298 793 2349 neutro
818 2311 940 2370 quoque
964 2293 1079 2352 dixisse
1096 2292 1226 2351 Charisii
1242 2292 1259 2349 I
1274 2313 1304 2370 p.
1323 2301 1357 2353 8‘4
1371 2283 1406 2350 P.

295 2401 471 2462 testimonio
504 2407 638 2457 constet:
662 2399 700 2456 cf.
728 2399 837 2478 Unger
861 2400 1019 2476 deValgii
1041 2399 1109 2458 Rufi
1131 2399 1280 2476 poe'matis
1304 2419 1334 2476 p.
1356 2407 1408 2458 mc

296 2527 365 2586 sqq.
410 2504 561 2565 Vocabuli
582 2506 663 2564 illius
688 2505 770 2584 quod
799 2508 918 2566 restitui
943 2505 1115 2584 exemplum
1137 2525 1201 2562 non
1225 2514 1321 2578 extat,
1351 2505 1407 2563 sed

295 2615 328 2672 iu
351 2621 494 2692 promptu
524 2620 570 2668 est
598 2611 743 2687 analogia
767 2613 876 2672 eodem
905 2613 995 2672 modo
1020 2589 1253 2689 compositorum
1283 2630 1409 2689 quorum

296 2719 380 2798 apud
402 2715 625 2777 vetustissimos
649 2718 813 2795 scriptores
829 2718 922 2776 valde
945 2720 1093 2796 frequens
1117 2715 1211 2774 fuisse
1234 2736 1306 2774 usus
1322 2715 1408 2775 vide-

255 2806 265 2818 *
296 2835 358 2885 tur:
388 2826 491 2905 qualia
519 2830 589 2880 sunt
618 2831 650 2881 ut
679 2824 870 2900 paucissimis
900 2824 1053 2900 defungar
1076 2823 1284 2898 ferricrepinas
1312 2831 1342 2881 et
1369 2824 1407 2882 si·

294 2933 378 2990 milis
405 2930 521 3000 Plauti,
555 2933 752 3001 crispisulcans
780 2930 923 3002 Pacuvii,
953 2929 1171 3004 siguilcueutibus
1202 2931 1268 3002 cipis
1296 2929 1407 2988 Ennii:

296 3047 388 3117 atque
410 3036 482 3094 huic
505 3035 663 3094 consimile
687 3023 845 3114 estquod
866 3037 964 3095 Varro
987 3036 1055 3114 ipso
1078 3033 1200 3111 scripsit
1221 3035 1252 3091 in
1276 3021 1320 3093 eis
1341 3055 1408 3094 ver-

296 3143 378 3204 sibus
403 3163 478 3222 quos
494 3141 612 3202 Probus
629 3141 669 3200 ad
684 3142 815 3219 Vergilii
840 3142 977 3218 eclogam
992 3151 1016 3213 6,
1034 3152 1063 3204 31
1090 3161 1120 3218 p.
1139 3148 1172 3202 18
1192 3140 1289 3198 Keilii
1312 3141 1393 3200 adno

294 3251 372 3308 tavit
398 3253 482 3323 siquis
503 3249 757 3322 submicantibus,
787 3250 819 3306 in
843 3268 903 3326 quo
927 3267 967 3306 ne
989 3267 1007 3304 u
1031 3244 1154 3325 quidem
1177 3244 1283 3304 debuit
1304 3235 1408 3324 vulga-

295 3355 365 3413 tiori
387 3359 397 3409 i
417 3356 517 3412 vocali
546 3356 673 3429 cedere,
704 3354 827 3434 quando
856 3354 939 3412 illam
969 3352 1136 3430 antiquitus
1167 3351 1311 3410 universo
1339 3353 1409 3410 huic

295 3459 529 3537 compositorum
552 3461 659 3536 generi
675 3481 863 3519 communem
885 3461 979 3520 fuisse
996 3457 1155 3537 probabile
1179 3465 1240 3529 est,
1266 3457 1408 3516 eandem·

297 3585 355 3644 que
379 3565 412 3622 in
434 3565 492 3622 hac
516 3563 654 3622 eiusdem
674 3566 822 3624 'Varronis
845 3586 921 3625 voce
943 3567 1153 3622 multuuummus
1184 3563 1294 3624 lectam
1314 3565 1408 3624 fuisse
1437 3593 1439 3598 v

295 3671 391 3754 Nquii
415 3669 459 3748 (p.
482 3678 542 3743 ⁶216,
566 3667 595 3747 9)
619 3672 765 3730 memoria
788 3676 1026 3730 mulluruuurnmus
1047 3671 1163 3730 indicio
1188 3680 1243 3732 cst.

339 3755 340 3760 ἵ
380 3775 432 3834 Ad
454 3777 564 3836 lemma
586 3795 688 3850 cupere
710 3781 845 3836 delectare
866 3779 986 3838 Nonius
1009 3799 1039 3856 p.
1054 3786 1151 3858 -253,15
1174 3798 1241 3837 cum
1264 3779 1408 3836 aliatum

294 3884 353 3941 hoc
380 3883 491 3942 Lucilii
525 3884 697 3962 exemplum
729 3883 891 3961 adscripsit
925 3885 1047 3942 Lucilius
1079 3886 1125 3942 lib.
1154 3888 1216 3944 XX
1222 3885 1264 3943 VI
1270 3867 1291 3942 :⁴
1315 3902 1407 3942 nunc

295 3993 412 4046 itidem
432 3993 564 4063 populo
591 3994 692 4048 istum
715 3994 962 4063 scriptoribus
985 3995 1156 4050 voluimus
1181 4007 1311 4064 cupere
1335 3993 1405 4046 arri-

295 4112 381 4152 mum
409 4098 568 4152 illorum:
599 4096 632 4152 in
662 4095 770 4173 quibus
800 4116 858 4154 nec
884 4116 1007 4156 sensum
1041 4116 1109 4156 esse
1144 4115 1202 4156 nec
1230 4105 1408 4155 structuram

296 4207 436 4278 apertum
459 4209 521 4258 est:
544 4200 645 4258 neutri
667 4201 807 4260 medetur
829 4201 860 4260 id
884 4201 1113 4281 quodpropter
1134 4206 1213 4259 istum
1235 4202 1318 4259 vocis
1334 4201 1406 4258 vici·

296 4305 378 4364 uiam
406 4306 438 4362 in
466 4305 584 4364 Aldina
613 4314 643 4364 et
672 4307 739 4364 aliis
774 4307 959 4366 editionibus
988 4315 1155 4364 correctum
1184 4315 1230 4366 est
1255 4311 1407 4380 populum:

1073 4469 1079 4494 l
