3274 5078
314 305 349 365 16
789 325 952 366 nunnnorn

310 493 370 570 Qui
383 483 490 551 versus
507 491 655 552 admonet
674 493 798 552 alterius
813 514 903 572 quom
919 515 935 552 e
949 492 1026 552 libro
1039 494 1151 553 XXVI
1163 492 1306 572 (XXVII
1318 491 1423 571 Leid.)

250 629 254 638 ·
308 599 427 656 Nonius
439 619 470 677 p.
482 608 524 673 74,
539 608 573 660 '20
585 601 673 658 affert
688 603 797 670 ardum,
814 605 997 658 miserrimum
1012 611 1093 675 alque
1104 603 1210 674 ,infelice
1225 606 1330 674 sianum
1342 603 1423 656 sabu-

308 723 369 762 cum
399 711 488 773 uacat,
517 703 569 763 ubi
593 725 658 764 cum
680 706 786 764 Iunius
805 706 972 764 'verissimo
995 711 1109 780 lianmz,
1138 708 1295 763 sambucum
1318 714 1425 774 uocaui,

308 810 414 868 mirum
443 818 490 868 est
518 811 674 883 neminem
696 815 852 868 miraculum
881 813 1066 884 restituisse,
1096 811 1128 870 id
1158 811 1241 890 quod
1267 820 1330 870 tam
1352 831 1424 870 oon·

309 916 457 974 cinnitato
486 915 660 990 sentcntiae
697 936 786 995 quarn
814 919 903 976 metri
938 921 1058 978 ratione
1094 919 1285 996 exposcitur:
1322 926 1424 996 septo·

308 1021 403 1104 nariis
433 1021 515 1078 onim
543 1022 705 1080 trochaicis
735 1023 828 1084 libros
848 1005 921 1082 ¹tam
942 1025 1055 1084 XXVI
1078 1043 1169 1103 quam
1190 1023 1320 1082 XXVII
1342 1030 1423 1080 totos

219 1103 223 1109 β
310 1134 451 1185 exaratos
474 1125 568 1183 fuisso
592 1135 697 1184 auctor
720 1129 1007 1189 estLachmannus.
1053 1131 1156 1208 Quare
1181 1149 1247 1187 curn
1264 1126 1348 1206 apud·
1360 1128 1423 1186 No·

308 1233 392 1290 nium
414 1252 445 1310 p.
469 1225 511 1304 74,
536 1239 570 1292 74
591 1232 670 1292 hacc
699 1233 886 1294 habeantur:
915 1240 1127 1310 Auerruncarc,
1157 1245 1282 1293 avertere
1303 1238 1425 1292 Lucilius

309 1341 352 1396 lib.
382 1339 506 1396 XXVI:
534 1339 570 1393 di
600 1339 792 1398 minuerint
827 1345 993 1414 meliora,
1014 1325 1219 1399 ”amentiam
1252 1343 1425 1398 aberran-

308 1451 445 1502 cassinl
473 1453 580 1500 luant!
606 1444 745 1502 Pacuuius
768 1449 863 1505 Medo:
889 1467 1003 1521 norsum
1031 1467 1079 1522 eac
1101 1454 1180 1506 islam
1207 1451 1297 1520 capite
1319 1448 1424 1502 cladem

308 1565 572 1607 auerruneassere.v
597 1549 635 1606 M.
663 1551 766 1614 Tullius
797 1556 830 1610 de
852 1557 966 1611 Finibus
999 1529 1131 1612 bonorum
1160 1563 1186 1611 el
1211 1556 1360 1610 malorum:
1391 1555 1427 1608 di

308 1660 512 1714 insiluerunt
543 1660 713 1733 meliora,
751 1668 859 1732 alque
895 1664 1082 1716 amentiam
1120 1660 1426 1715 aberruncassinl

308 1775 425 1820 meane!
460 1772 542 1820 recto
579 1765 719 1822 fecerunt
755 1763 836 1842 quod
873 1784 932 1843 quo
962 1766 1058 1844 ipsius
1087 1765 1183 1824 Nonii
1217 1764 1424 1824 testimonium

308 1889 339 1947 p.
363 1876 422 1940 aot,
447 1877 480 1930 76
511 1867 642 1926 ducebat
669 1870 702 1926 in
724 1870 852 1928 Pacuvii
876 1868 994 1948 Chryse
1019 1870 1062 1950 (p.
1088 1879 1122 1933 74
1143 1867 1319 1946 Ribbcokii)
1342 1870 1424 1929 hunc

309 1975 497 2032 octonarium
521 1985 731 2054 apposuerunt

459 2113 497 2166 Ili
518 2113 653 2168 manarint
673 2117 786 2169 meliora
810 2111 891 2186 a'lque
913 2107 1058 2170 alnenliam
1088 2113 1317 2170 averruncarslnl
1339 2120 1422 2170 luam.

307 2244 424 2304 Lucilio
449 2265 522 2305 vero
546 2267 610 2304 non
634 2255 700 2305 orat
723 2248 804 2326 quod
830 2248 937 2307 addita
967 2255 1074 2307 contra
1095 2248 1190 2307 Nonii
1217 2247 1423 2306 testimonium

307 2362 388 2426 alque
410 2353 560 2431 particula
583 2375 638 2434 pro
662 2353 743 2413 bono
768 2357 945 2434 scptenario
974 2355 1083 2414 itidem
1105 2355 1277 2430 tribuerent
1300 2360 1422 2412 octona-

307 2459 393 2517 rium.
439 2459 557 2536 Quidni
581 2462 662 2519 enim
676 2463 811 2520 Lucilius
835 2481 902 2519 cum
916 2462 1044 2519 Pacuvii
1067 2482 1158 2520 versu
1173 2461 1206 2518 in
1229 2461 1290 2520 suis
1314 2459 1423 2518 saturis

307 2575 444 2625 uteretur
473 2588 541 2625 cum
563 2549 677 2626 leniter
699 2569 742 2626 ita
763 2568 954 2625 immutasset
976 2565 1008 2626 'ut
1024 2587 1042 2624 a
1064 2575 1161 2625 semet
1183 2567 1251 2644 ipso
1275 2564 1422 2622 adhibitis

308 2672 442 2731 numeris
472 2673 663 2731 conveniret.

393 2778 456 2837 Sed
485 2779 581 2836 redeo
617 2778 657 2836 ad
689 2779 932 2858 interpungendi
960 2781 1121 2843 rationem.
1175 2777 1245 2856 Qua
1275 2779 1423 2855 corrigam

308 2885 417 2943 Lucilii
436 2905 557 2944 vorsum
581 2905 671 2964 quom
686 2861 805 2944 Nonius
829 2886 934 2944 scribit
955 2905 986 2964 p.
1000 2894 1042 2960 74,
1066 2895 1084 2946 4
1104 2889 1194 2956 Aera,
1218 2891 1328 2942 nutriri
1348 2898 1422 2944 riola.

308 2995 396 3051 ,Lricilss
414 2995 458 3068 lib.
478 2992 651 3048 XXVIIII:
675 2993 738 3048 boc
761 3003 813 3049 csl
834 2999 942 3050 ralia.-
964 3011 1143 3067 perversu
1167 3011 1266 3061 aera,
1289 3010 1422 3050 sarrinia

309 3106 341 3154 el
361 3101 534 3154 sribdncla
550 3101 721 3170 improbe:
737 3098 776 3156 'in
794 3119 853 3178 quo
869 3102 939 3157 baec
954 3109 1027 3158 ante
1043 3095 1215 3158 Mercerum
1230 3099 1420 3177 vulgabatur,

306 3221 413 3260 sirrnma
440 3212 480 3260 esi
507 3202 707 3262 casaubonus
737 3205 880 3264 restituit.
930 3205 1089 3282 Distingui
1122 3214 1222 3264 autem
1252 3207 1348 3265 verba
1380 3208 1423 3264 ita

308 3310 466 3369 debebant

372 3461 379 3472 ι
462 3431 540 3488 Hdec
562 3440 602 3487 esi
618 3436 709 3488 ratio?
732 3431 870 3490 Pdroersa
893 3451 973 3505 aera,
995 3435 1129 3490 curamus!
1142 3435 1274 3490 subducta
1298 3433 1421 3506 inprobe.

309 3547 384 3608 (ium
408 3569 444 3606 co
466 3569 539 3608 vcro
563 3569 655 3608 versu
677 3550 885 3612 cohaerebant
908 3552 979 3610 olim
1002 3571 1041 3609 ex
1065 3550 1173 3608 eodem
1196 3549 1273 3609 libro
1298 3552 1381 3610 citati
1405 3569 1423 3608 a

307 3656 409 3714 Nonio
434 3676 465 3733 p.
489 3665 548 3729 283,
573 3667 607 3718 30

514 3819 521 3834 .
566 3795 616 3850 aaa
638 3794 721 3848 riurrc,
744 3779 879 3833 summam
895 3785 1020 3850 auripluo
1042 3779 1220 3851 delectatque
1242 3777 1318 3834 aeris
1333 3781 1420 3848 sinrul,

458 3876 543 3940 'Adde
565 3885 658 3953 alieni,

309 4001 347 4062 de
379 4024 438 4082 quo
468 4003 547 4061 dixit
564 4003 722 4080 Hauptius
751 4000 784 4059 in
815 3999 1081 4063 observationibus
1110 4003 1221 4063 criticis
1251 4003 1283 4078 p?
1312 4009 1360 4072 46,
1392 4007 1422 4057 et

308 4129 339 4187 p.
363 4119 422 4181 aba,
448 4119 480 4170 13
615 4112 617 4117 ·
804 4189 806 4194 ¹
1165 4191 1167 4194 Ι

461 4260 468 4275 .
512 4218 602 4274 eodem
626 4233 681 4273 una
702 4214 736 4272 lu'
755 4217 832 4274 moda
854 4221 974 4275 rationes
995 4215 1147 4274 sirbduce'nl
1166 4234 1248 4289 suris,

309 4354 399 4414 quem
426 4335 602 4394 Diintzerus
636 4335 719 4414 apud
750 4335 944 4395 Gerlachium
972 4336 1104 4413 corrupit
1134 4335 1338 4394 coniectando
1368 4355 1421 4393 una
1452 4391 1455 4400 Δ
