3274 5078
686 378 833 420 nourrius.
987 433 990 440 Ι
1275 363 1314 424 13

203 543 365 624 eidemque
395 543 450 604 sed
480 543 610 604 diversis
638 547 780 624 personis
811 548 873 605 sint
900 548 1121 606 sententiarum
1148 549 1315 627 particulae

201 649 425 709 attribuendae.

284 757 320 814 P.
343 765 403 830 358,
420 765 453 820 25
469 760 588 818 Nonius
610 758 692 817 hunc
706 759 817 816 Lucilii
838 778 960 818 versum
981 758 1090 818 tradit:
1113 762 1255 833 offendere
1276 769 1317 818 esi

95 881 101 890 ·
197 878 344 936 percutere
369 907 406 928 .,
431 907 439 923 .
462 867 582 923 Lucilius
605 868 648 922 lib.
672 866 734 920 XX
739 865 844 921 VIIII.-
872 883 954 922 crus
977 869 1114 939 lupide,
1138 867 1230 921 nihil
1252 875 1313 936 esi,

199 974 341 1027 credam
369 975 401 1028 si
428 979 457 1028 ie
485 972 703 1045 offenderit.
748 970 787 1027 In
810 968 918 1048 quibus
943 968 976 1028 Ο.
1000 971 1142 1030 Barthius
1172 971 1215 1028 ita
1238 971 1316 1029 nihil

151 1119 153 1126 .
200 1077 376 1134 sententiae
401 1076 586 1155 dispiciebat
607 1085 640 1135 ut
662 1091 729 1131 crus
744 1077 830 1147 lapidi
850 1077 919 1131 nihil
940 1086 993 1150 eal,
1017 1077 1160 1134 cerebrum
1182 1081 1212 1133 ni
1225 1080 1314 1150 offen-

202 1186 276 1240 deris
310 1203 417 1261 parum
447 1180 617 1259 prudenter
646 1179 824 1255 corrigeret.
878 1177 967 1256 Quae
994 1189 1098 1240 tamen
1130 1202 1196 1240 curn
1223 1183 1314 1242 intel-

198 1287 261 1364 legi
290 1289 427 1366 possint,
457 1286 615 1346 G-erlachii
638 1288 691 1348 vix
713 1287 801 1366 capio
830 1294 966 1344 mentem
996 1287 1048 1364 qui
1079 1287 1129 1346 ‘de
1158 1309 1213 1348 sua
1242 1309 1313 1348 con·

197 1393 324 1452 iectura'
348 1412 414 1450 crus
436 1396 542 1466 lupide,
571 1395 639 1449 nihil
659 1381 866 1466 eslfcoedum,
890 1395 916 1448 si
937 1401 961 1448 ie
983 1395 1130 1465 offenderit
1155 1396 1188 1453 in
1213 1415 1313 1454 exem·

198 1499 251 1577 plo
281 1517 334 1556 suo
366 1497 532 1576 scripserit.
585 1499 652 1556 Nec
682 1497 809 1578 Oorpeti
843 1497 1101 1578 interpretatione
1137 1502 1249 1578 gallica
1283 1521 1314 1560 cc

197 1609 267 1660 n'est
287 1610 360 1670 rien,
378 1607 412 1676 je
432 1622 526 1676 pereso,
549 1621 601 1678 que
623 1607 657 1660 de
679 1585 704 1661 ie
726 1623 828 1678 sepner
850 1608 877 1661 la
893 1608 991 1676 jumbe
1014 1592 1031 1662 d
1053 1624 1107 1663 true
1126 1612 1313 1696 pierresen-

171 1729 247 1794 'sus
264 1710 375 1768 Lucilii
396 1709 537 1767 refertur.
583 1707 666 1786 Quid
689 1709 887 1798 multa‘luUbi
910 1719 992 1768 recte
1015 1711 1112 1769 verba
1136 1713 1312 1772 distinxeris

198 1825 229 1874 ct
250 1817 332 1874 inter
360 1815 435 1874 duas
464 1834 614 1894 personas
638 1816 827 1876 distribueris
857 1817 926 1876 ilico
957 1818 1031 1897 quid
1059 1797 1152 1897 potita
1181 1820 1314 1878 voluerit

197 1921 375 2000 apparebit:
1307 1912 1309 1915 ¹

347 2050 386 2108 A.
404 2053 475 2109 Orus
498 2050 610 2124 lepide?
635 2051 710 2106 Nihil
730 2058 777 2106 esl.
794 2082 813 2092 -
828 2049 864 2108 B.
882 2051 1000 2108 Credam
1021 2056 1048 2108 si
1068 2059 1092 2108 tc
1114 2052 1270 2134 offenderit.

196 2182 234 2243 In
260 2185 368 2263 quibus
392 2206 431 2244 ne
454 2186 532 2245 illud
556 2185 681 2265 quidem
710 2185 873 2244 offensioni
898 2195 944 2244 est
967 2185 1048 2266 quod
1073 2188 1151 2246 lein
1176 2208 1236 2267 qua
1258 2207 1311 2244 vo-

197 2291 264 2350 cula
286 2293 334 2350 vis
358 2293 534 2350 sententiae
558 2293 686 2351 vertitur
702 2285 841 2351 'elisione
866 2292 1036 2350 delitescat.

280 2397 394 2456 Itidem
416 2397 498 2457 inter
521 2399 595 2456 duas
619 2417 768 2477 personas
794 2397 933 2456 distribui
957 2398 1091 2475 oportuit
1112 2398 1221 2457 Lucilii
1243 2417 1311 2455 ver-

195 2522 246 2562 sus
271 2506 321 2584 qui
345 2504 428 2584 apud
451 2506 586 2564 Nonium
608 2525 638 2582 p.
663 2511 722 2575 290,
750 2513 759 2562 l
787 2522 803 2560 e
826 2502 903 2560 libro
927 2504 1091 2564 XXVIIII
1114 2503 1262 2561 citantur:

347 2642 386 2701 A.
415 2646 450 2699 At
470 2662 524 2699 rrou
552 2650 619 2698 sum
645 2643 745 2696 similes
773 2656 861 2711 neque
888 2642 963 2698 deul.
986 2674 1005 2684 -
1026 2641 1063 2698 B.
1094 2641 1165 2709 Quid
1191 2643 1217 2695 si
1242 2641 1312 2695 darc

1160 2748 1268 2818 uellent,

295 2819 300 2842 l

345 2855 546 2927 Acciperesnc?
569 2855 644 2910 doce.

123 3068 128 3074 ·
195 2989 274 3046 Narn
290 2993 356 3063 quid
376 2995 402 3047 si
414 2990 571 3048 Mercerus
595 2988 705 3046 rectius
722 3009 777 3066 pro
794 2987 938 3046 librorum
960 2991 1027 3064 quid
1047 2993 1102 3045 sirii
1124 3009 1214 3068 quarn
1231 2990 1308 3049 Ger·

195 3095 311 3154 lachius
342 3100 448 3169 quodsi.
501 3095 644 3154 Ceterum
672 3094 728 3151 hos
756 3093 951 3153 hexametros
979 3104 1011 3153 ut
1038 3094 1204 3153 nonnullos
1234 3094 1310 3152 alios

196 3221 298 3259 errore
326 3201 461 3260 Nonium
491 3221 507 3258 e
536 3201 700 3260 XXVIIII
729 3200 871 3258 citavisse
894 3199 1109 3258 Lachmannus
1139 3199 1310 3258 adnotavit.

194 3307 262 3364 Nec
284 3307 381 3382 magis
403 3308 436 3365 in
465 3307 524 3364 hoc
546 3306 623 3364 libro
652 3307 751 3363 locum
772 3304 887 3362 habere
910 3307 1009 3382 potuit
1038 3325 1128 3384 quern
1150 3303 1225 3362 inde
1247 3307 1309 3365 No·

196 3414 262 3471 nius
287 3434 316 3491 p.
341 3421 401 3485 379,
428 3421 459 3472 18
481 3411 636 3489 perhibuit
663 3429 736 3468 anuo
765 3417 884 3468 uertente
911 3412 967 3466 dies
989 3417 1051 3468 tciri
1076 3416 1171 3492 miseri
1190 3430 1224 3467 uc
1245 3415 1311 3469 reli-

193 3525 277 3592 piosi:
302 3518 340 3577 de
364 3539 427 3600 quo
447 3537 526 3597 quae
541 3517 680 3576 Kochius
702 3517 734 3574 in
751 3515 1021 3575 exercitationibus
1043 3539 1074 3597 p.
1090 3526 1105 3581 7
1124 3514 1311 3597 excogitavit

194 3623 407 3706 improbabilia
436 3635 516 3685 sunt.
560 3625 638 3683 Mihi
666 3623 784 3682 numeri
813 3643 876 3681 non
906 3632 1046 3683 constare
1074 3625 1221 3685 videntur
1250 3627 1310 3684 nisi

194 3731 384 3807 reposueris:

349 3881 355 3894 .
400 3857 473 3895 anuo
495 3845 614 3895 ocriculo
636 3841 779 3897 disiecti
800 3843 894 3895 iniseri
914 3849 996 3914 alque

328 3959 329 3964 ¹
348 3945 486 4017 Reliqiosi.
675 3939 685 3952 '

195 4069 290 4128 Porro
326 4089 527 4149 personarum
564 4071 810 4133 distributionem
845 4093 885 4131 ne
914 4071 947 4129 in
976 4069 1035 4129 hoc
1066 4069 1188 4152 quidem
1217 4091 1310 4131 versu

196 4185 389 4252 agnoverunt
413 4195 502 4257 quem
524 4178 644 4237 Nonius
667 4201 697 4259 p.
718 4191 778 4254 330,
802 4191 837 4242 30
860 4179 1036 4258 exscripsit:
1064 4183 1221 4250 interficere
1242 4197 1306 4236 con·

196 4299 314 4355 sumere,
333 4271 437 4356 finires
470 4287 590 4343 Lucilius
612 4289 655 4344 lii.
678 4288 833 4346 XXVIII:
854 4290 1004 4358 piscium
1026 4304 1183 4359 mapsam
1206 4295 1309 4359 alque

197 4391 347 4446 altilium
368 4395 435 4447 vim
462 4395 705 4466 interfecisti,
735 4400 770 4448 ui
797 4409 899 4466 nepo:
927 4391 978 4449 ubi
1007 4410 1090 4465 quam
1113 4393 1308 4451 Wolfenbut-
