3274 5078
324 345 365 406 22
801 363 965 405 aunuucra

324 536 441 610 πτεροῖς
464 519 669 608 φοινικίοιςῆ
696 527 818 608 μέλασιν
841 524 946 608 ὀρθοῖς
968 527 1066 610 τρισὶν
1090 521 1144 602 ὡς’
1158 529 1313 607 mazoclam
1334 521 1367 590 τό
1392 529 1439 610 με’-

324 643 428 718 pedor,
458 638 542 697 unde
565 646 683 696 tantum
713 638 789 697 disci
817 639 918 716 potuit
945 657 986 696 ne
1017 638 1100 715 apud
1123 639 1293 698 Varronem
1317 641 1440 719 quidem

325 749 351 806 si
373 747 458 804 illam
479 747 666 804 sententiam
690 746 862 826 exprimere
884 743 1010 804 volebat
1035 748 1138 816 pinnas
1165 745 1217 803 vel
1244 745 1342 804 simile
1366 745 1440 825 quid

327 851 498 912 desiderari
520 853 667 929 potuisse.
774 872 780 880 ·

410 958 521 1036 Itaque
555 959 716 1017 referimur
749 957 788 1016 ad
823 957 968 1017 librorum
1001 959 1177 1018 memoriam
1209 959 1242 1016 in
1276 978 1337 1037 qua
1365 959 1440 1019 (111-

325 1063 441 1122 lachius
479 1064 525 1121 cui
561 1083 650 1121 nemo
687 1060 912 1142 obtemperavit
944 1085 992 1124 me
1027 1063 1130 1122 iudice
1165 1063 1323 1121 verissime
1354 1069 1440 1122 massi·

326 1173 413 1228 tancia
442 1170 575 1228 coniecit
603 1169 687 1248 quod
716 1169 757 1227 ad
787 1175 839 1226 telo
868 1170 977 1229 referri
1007 1170 1121 1229 debuit.
1170 1170 1283 1228 Notum
1306 1179 1353 1230 est
1368 1192 1441 1250 quo·

325 1277 384 1334 ties
407 1276 440 1334 in
462 1276 509 1333 his
532 1276 702 1354 participiis
727 1283 757 1333 et
779 1275 928 1341 similibus
950 1296 969 1334 a
991 1276 1094 1334 littera
1117 1283 1189 1334 ante
1204 1293 1218 1331 s
1232 1285 1289 1334 etl
1308 1278 1341 1334 in
1357 1277 1441 1336 libris

326 1379 520 1440 interciderit
553 1381 639 1440 velut
673 1383 705 1439 in
739 1381 788 1439 his
823 1381 961 1460 reliquiis
993 1380 1077 1460 apud
1105 1381 1240 1440 Nonium
1268 1401 1298 1460 p.
1329 1391 1378 1454 16,
1408 1390 1442 1444 26

326 1489 472 1558 vulpinarc
494 1489 573 1544 modo
596 1495 621 1543 ct
642 1503 779 1544 concursu
801 1489 922 1560 qnalibes
944 1503 1026 1544 erras
1056 1506 1260 1566 p-rofcrrcns..
1291 1487 1338 1547 Of.
1360 1508 1442 1548 nunc

329 1590 476 1674 Oorsseni
504 1591 615 1652 librum
644 1592 684 1652 de
712 1593 965 1670 pronuntiatione
997 1595 1121 1671 linguae
1149 1594 1265 1653 latinae
1295 1615 1325 1673 p.
1349 1603 1382 1658 97
1412 1603 1444 1654 et

327 1717 358 1776 p.
384 1707 442 1757 100.
494 1696 597 1774 Quare
627 1693 708 1755 nunc
737 1695 795 1757 duo
825 1699 906 1759 illius
937 1699 1101 1778 fragmenti
1136 1703 1295 1762 commotio
1322 1703 1443 1778 integra

326 1810 397 1861 sunt
425 1803 555 1881 primum
590 1811 621 1861 ct
650 1804 772 1862 tertium
798 1808 851 1862 tela
879 1807 981 1863 dextra
1009 1809 1118 1864 vibrant
1150 1812 1294 1865 1111111111-
1326 1816 1357 1866 et
1386 1815 1442 1864 tor-

327 1925 393 1982 ques
422 1925 542 1981 aureae,
578 1915 655 1966 scuta
685 1913 792 1966 caelata
819 1913 922 1970 Hibero
956 1922 1069 1986 arpenta
1095 1919 1177 1988 proci
1202 1917 1301 1982 crebra
1328 1916 1443 1988 sulqenl,

278 2009 289 2018 ’
327 2033 469 2094 mancum
495 2015 644 2076 medium:
679 2035 737 2074 nec
767 2018 849 2075 enim
877 2020 1174 2102 quicquammutari
1203 2020 1308 2080 debuit
1335 2021 1369 2078 in
1395 2020 1442 2078 his

240 2185 245 2193 ,
327 2125 445 2178 emicant
472 2131 554 2195 atquc
581 2125 731 2196 insipaibus
758 2125 873 2180 Martis:
908 2124 1123 2188 desiderantur
1152 2135 1253 2184 autem
1281 2146 1347 2185 cum
1375 2125 1443 2184 sub-

327 2227 439 2286 iectum
460 2227 548 2286 verbi
570 2237 633 2288 tum
656 2228 733 2287 alter
749 2227 899 2290 ablativus
917 2227 1048 2291 nominis
1065 2233 1112 2291 cui
1134 2235 1238 2294 iuncta
1260 2241 1349 2292 erant
1361 2239 1445 2305 atquc

327 2337 476 2409 iariynitur
502 2336 613 2392 Marta.
659 2333 853 2394 Ocniicerem
883 2336 1030 2398 addenda
1057 2341 1167 2414 [paleae
1195 2346 1300 2414 cristis]
1328 2343 1446 2397 amicant

328 2448 409 2514 atque
443 2444 593 2516 insipnibus
623 2443 724 2498 Martis
758 2443 818 2500 nisi
853 2443 929 2502 illud
963 2446 1112 2504 retineret
1145 2446 1227 2525 quod
1264 2464 1303 2504 ex
1336 2443 1445 2503 eadem

329 2553 433 2603 satura
460 2547 580 2605 Nonius
609 2567 640 2625 p.
672 2555 734 2620 179,
759 2556 775 2608 6
805 2549 886 2606 hanc
912 2550 1229 2631 hexametripartem
1257 2553 1346 2610 Acrec
1375 2559 1445 2608 terta

328 2655 394 2706 nitet
412 2655 494 2725 91111
517 2653 651 2711 rettulit:
682 2672 760 2732 qnae
790 2655 939 2713 cumillis
969 2657 1072 2735 aliquo
1095 2656 1186 2714 modo
1210 2676 1329 2714 conexa
1351 2656 1445 2714 fuisse

330 2764 377 2814 est
398 2777 475 2815 sane
498 2757 672 2836 probabile,
707 2759 765 2816 etsi
793 2759 941 2836 singulari
964 2781 1089 2820 numero
1118 2766 1198 2835 palea
1230 2762 1384 2842 discrepat
1406 2762 1444 2820 ab

328 2863 483 2938 illistam,
512 2875 635 2938 torques,
663 2875 750 2923 scuta.
795 2865 906 2945 Itaque
928 2865 1041 2926 hocin
1064 2867 1165 2927 medio
1190 2869 1375 2948 relinquam:
1406 2867 1445 2925 de

328 2969 440 3028 lacuna
462 2978 563 3028 autem
586 2971 612 3029 si
643 2968 717 3050 quid
745 2972 811 3028 veri
839 2981 873 3030 ut
901 2981 974 3050 puto
1003 2975 1135 3051 tetigero
1164 2977 1225 3034 iarn
1255 2995 1290 3033 eo
1319 2975 1445 3033 nomine

284 3143 293 3162 ἱ
328 3075 382 3132 illa
402 3077 609 3155 recuperandi
631 3095 774 3136 numeros
803 3079 965 3162 conamina
988 3088 1144 3151 corruunt,
1175 3100 1241 3139 cum
1264 3080 1445 3159 praesertim

330 3201 349 3239 e
370 3181 496 3262 reliquis
519 3184 587 3243 sine
609 3182 757 3242 machinis
780 3186 881 3255 nullus
904 3186 1070 3244 versiculus
1093 3185 1234 3264 prodeat.

415 3289 545 3369 Saepius
581 3293 614 3350 in
644 3290 852 3372 superioribus
883 3311 949 3350 cum
978 3293 1039 3352 alia
1068 3292 1300 3372 depravationis
1330 3309 1446 3368 genera

329 3413 585 3472 persequeremur
613 3399 701 3458 simul
729 3399 855 3456 lacunas
886 3417 965 3476 quae
994 3399 1083 3459 nobis
1113 3398 1238 3478 quidem
1259 3397 1446 3455 videbantur

331 3497 511 3558 deteximus.
556 3503 666 3581 Itaque
696 3524 778 3562 nunc
804 3505 972 3562 'nonnullos
996 3484 1143 3564 Varronis
1168 3505 1207 3564 de
1230 3504 1339 3563 saturis
1361 3503 1445 3561 locos

282 3675 284 3680 y
330 3625 486 3684 apponam
510 3608 561 3685 qui
583 3607 656 3664 mihi
679 3607 718 3666 de
743 3607 851 3688 eadem
874 3607 944 3666 labe
967 3611 1101 3688 suspecti
1125 3618 1204 3668 sunt.

413 3710 533 3770 Nonius
555 3732 585 3790 p.
602 3720 644 3785 82,
662 3717 696 3776 31
722 3717 922 3772 conscribitlcvi
937 3735 994 3788 pro
1016 3720 1178 3788 conscripsi.
1217 3719 1348 3775 Columna
1372 3717 1446 3772 Her-

330 3813 479 3892 1111111111
496 3810 597 3894 δόξηςι
620 3823 742 3894 itaque
764 3838 824 3879 cas
846 3825 1011 3879 inccravi
1025 3823 1200 3906 Herculis
1222 3825 1322 3879 calis.
1368 3824 1445 3878 Idem
1497 3861 1501 3866 -

330 3927 492 4000 Marciporc
515 3968 521 3984 .
547 3971 553 3984 .
579 3971 586 3985 .
631 3927 779 4010 Varronis
803 3923 983 3984 Columnam
1010 3925 1152 3984 Herculis
1182 3925 1243 3985 dici
1271 3926 1344 3984 licet
1371 3925 1445 3983 alte-

330 4049 395 4090 rum
418 4021 482 4092 eiu's
498 4039 619 4091 saturae
636 4031 842 4092 testimonium
858 4039 1030 4106 non'extet
1049 4040 1177 4118 praeter
1191 4031 1325 4108 indicem
1347 4033 1446 4110 ipsum

332 4157 369 4196 ea
398 4156 478 4216 quae
507 4146 677 4218 sequuntur
703 4139 782 4194 Idem
803 4138 966 4213 Marciporc
994 4131 1161 4197 declarant.
1206 4141 1288 4195 athlie
1316 4137 1447 4196 correxit

329 4245 502 4303 Mercerus:
538 4242 594 4303 sed
629 4245 852 4303 conscribillcndi
883 4244 1065 4304 vocabulum
1101 4243 1183 4322 quod
1217 4245 1337 4303 Nonius
1374 4243 1447 4316 citat

330 4369 395 4406 cum
422 4351 456 4407 in
485 4369 521 4408 eo
552 4351 725 4428 fragmento
756 4347 999 4422 desideraretur,
1028 4351 1061 4407 in
1090 4349 1278 4407 editionibus
1306 4350 1446 4407 Mercero
