3274 5078
744 355 889 395 roumrm.
1336 331 1376 393 27

263 523 374 582 criticis
397 543 462 582 non
484 523 528 581 ita
550 541 618 582 raro
642 522 743 582 fraudi
772 523 906 582 fuerunt.
949 522 1096 582 Attamen
1125 541 1191 580 curn
1218 523 1250 580 in
1279 541 1317 580 ea
1343 541 1376 581 re

262 629 472 689 adiumentum
500 631 622 688 criticae
649 629 781 708 positum
804 630 844 688 sit
864 628 948 687 haud
971 627 1243 701 contemnendum,
1272 637 1376 688 tamen

262 734 434 794 cavendum
457 744 505 794 est
526 755 566 792 nc
589 755 656 794 cum
678 735 775 794 doctis
800 735 981 815 quibusdam
1003 734 1175 794 hominibus
1200 744 1314 795 temere
1339 755 1377 794 ex

263 842 306 899 eis
330 841 464 900 artificiis
488 859 609 899 omnem
632 841 755 900 criticae
778 843 905 902 salutem
920 849 1095 919 repetamus
1118 849 1170 898 aut
1192 841 1377 921 compendia

262 955 428 1006 statuamus
452 965 531 1026 quae
554 965 720 1028 numquam
742 927 917 1006 extiterunt.
956 947 1008 1006 sic
1022 947 1054 1004 in
1070 945 1166 1005 Nonii
1188 946 1264 1006 libro
1287 947 1376 1006 huius

261 1052 390 1112 remedii
413 1053 607 1132 parcissimus
635 1073 706 1112 usus
739 1047 798 1111 est'
839 1052 903 1111 Sed
932 1062 1003 1112 sunt
1030 1061 1135 1111 tamen
1163 1053 1315 1112 nonnulla
1343 1054 1376 1110 in

263 1157 371 1237 quibus
399 1156 650 1236 compendiosam
678 1157 763 1217 illam
795 1157 951 1218 scribendi
980 1161 1131 1220 rationem
1160 1157 1293 1218 librariis
1324 1157 1376 1217 ob·

261 1263 356 1322 fuisse
377 1265 543 1344 verisimile
568 1273 623 1323 est.
998 1261 1010 1276 '
1404 1247 1408 1254 ⁴

345 1371 466 1430 Nonius
496 1361 601 1430 scribit
623 1389 654 1449 p.
677 1379 727 1443 91,
752 1378 765 1429 l
805 1371 919 1427 Varro
947 1381 978 1428 et
1005 1375 1148 1430 ratione
1175 1374 1242 1428 dut
1266 1371 1375 1446 sript-

261 1479 323 1534 dos
348 1480 478 1536 nimbos
506 1499 597 1554 aquo
625 1482 699 1534 icta
733 1468 919 1532 audaciter
941 1481 1082 1536 ruentis
1103 1481 1378 1536 Pertimuerant

262 1589 435 1661 aquatilia
462 1586 723 1660 querquetulce
750 1588 923 1637 naturales.
970 1583 1007 1640 ln
1030 1582 1170 1642 versibus
1195 1601 1274 1664 quae
1302 1583 1376 1642 resi·

263 1691 356 1751 debat
385 1691 527 1750 labecula
556 1709 623 1752 eam
650 1707 751 1767 nuper
782 1671 878 1764 (inus.
901 1687 992 1746 Rhen
1015 1690 1095 1750 XIV
1117 1711 1148 1769 p.
1164 1688 1234 1767 438)
1257 1691 1396 1752 Buche-

261 1798 342 1856 lerus
372 1796 514 1856 abstersit
542 1800 645 1856 nimbos
673 1801 724 1853 cilo
752 1811 787 1850 ac
807 1794 949 1850 audaciter
971 1781 1137 1872 reponens,
1182 1795 1271 1854 Idem
1293 1805 1376 1856 recte

261 1903 410 1962 iudicavit
443 1901 578 1961 indicem
610 1921 701 1981 quem
736 1895 887 1958 Oehlerus
919 1900 1063 1960 Mercero
1093 1910 1216 1962 auctore
1255 1875 1376 1962 saturae

262 2010 405 2090 praefixit
433 2012 546 2066 Erratio
574 2007 690 2064 nullam
718 2006 833 2065 habere
862 2004 1124 2084 probabilitatem,
1156 2006 1212 2066 sed
1242 2007 1325 2088 quod
1352 2017 1379 2066 et

261 2121 368 2174 ratione
397 2113 437 2173 ad
465 2113 613 2174 Varronis
641 2110 737 2170 verba
767 2112 884 2185 retulit,
921 2112 1025 2170 nescio
1062 2131 1101 2171 an
1131 2113 1234 2172 vincat
1269 2115 1294 2172 si
1329 2115 1377 2172 cui

263 2223 428 2300 contigerit
457 2241 495 2280 ex
523 2221 584 2279 illis
607 2217 809 2298 probabiliter
836 2219 1070 2296 inscriptionem
1098 2227 1219 2278 saturae
1250 2222 1376 2280 resusci-

261 2339 337 2389 tare.
382 2327 531 2386 Nimirum
555 2325 638 2406 quod
661 2324 754 2383 hodie
777 2327 809 2383 in
832 2325 918 2384 libris
939 2325 1052 2402 legitur
1080 2330 1212 2383 elrctione
1239 2325 1271 2382 in
1298 2327 1376 2386 anti·
1475 2365 1480 2382 .

263 2458 322 2518 quo
352 2435 458 2494 codice
488 2437 591 2489 elrione
619 2439 776 2490 exaratum
805 2431 899 2491 fuisse
927 2433 1082 2511 suspicor:
1112 2425 1195 2512 quod
1220 2451 1290 2490 cum
1313 2453 1376 2491 non

262 2543 483 2618 intellegerent
519 2537 635 2595 librarii
673 2537 797 2618 decepti
834 2540 1043 2617 vulgatissimo
1082 2560 1142 2619 quo
1177 2546 1249 2599 ratio
1284 2543 1376 2604 scribi

263 2650 378 2709 soleret
406 2630 590 2725 compendio
619 2647 818 2704 restituerunt
853 2643 936 2724 quod
969 2646 1110 2724 intellegi
1138 2659 1254 2726 posset.
1304 2652 1375 2710 Nou

262 2756 365 2832 magni
396 2751 436 2810 ad
459 2752 538 2810 hanc
560 2771 624 2810 rem
647 2732 726 2811 facio
752 2753 835 2832 quod
864 2755 897 2811 in
922 2753 1059 2812 editione
1083 2775 1111 2813 a.
1138 2764 1204 2819 1583
1228 2757 1375 2820 ecodicc

262 2883 317 2920 ms.
341 2860 442 2918 afferri
470 2869 496 2916 et
523 2863 637 2917 trionem
660 2859 851 2918 Basilienses
883 2858 1080 2918 adnotarunt.
1124 2865 1299 2922 Aethrioaem
1321 2867 1376 2943 igi·

188 2998 190 3004 *
262 2977 310 3027 tur
334 2966 497 3046 (namhoc
520 2964 596 3023 illud
621 2973 667 3024 est
696 2962 813 3042 elrione)
843 2983 908 3024 curn
931 2966 1134 3036 Varronianis
1165 2973 1274 3030 saturis
1303 2971 1376 3032 addi

263 3073 393 3147 sua'dec,
418 3071 505 3130 abest
522 3061 647 3150 quidem
669 3070 798 3130 alterum
822 3069 885 3128 eius
908 3071 1118 3152 inscriptionis
1134 3074 1295 3148 indicium,
1319 3076 1375 3136 sed

262 3189 333 3238 sunt
367 3179 446 3236 aliae
482 3198 561 3258 quae
595 3186 626 3235 et
658 3179 764 3255 ipsae·
781 3195 844 3233 uno
873 3185 991 3235 tantum
1017 3180 1193 3238 testimonio
1227 3181 1374 3244 nituntur.

262 3285 366 3364 Atque
397 3285 429 3342 in
453 3292 597 3362 promptu
621 3291 666 3341 est
690 3282 818 3340 Caecilii
842 3281 932 3340 Statii
961 3285 1121 3343 comoedia
1142 3287 1265 3354 Aetbrio,
1293 3287 1376 3366 quod

263 3409 375 3448 nomen
400 3390 520 3468 quoties
543 3389 660 3448 librarii
690 3373 892 3447 deformariirt
921 3387 1084 3449 Ribbeckii
1113 3391 1253 3450 recensio
1282 3401 1375 3451 testa·

263 3505 320 3554 tur.
370 3497 463 3555 Varro
496 3505 597 3556 autem
627 3514 693 3552 cum
722 3494 754 3552 in
783 3485 936 3552 indicibus
960 3504 1129 3555 saturarum
1151 3516 1304 3577 persaepe
1327 3519 1376 3557 co·

262 3602 404 3662 moadiae
432 3611 494 3663 tam
524 3602 663 3664 Graecae
693 3593 787 3679 quam
811 3601 970 3660 Romanae
1004 3604 1138 3680 vestigia
1173 3612 1293 3664 secutus
1327 3605 1375 3678 sit,
1439 3641 1446 3656 ·

262 3717 326 3768 tum
348 3708 444 3786 ipsius
469 3707 595 3767 Caecilii
625 3707 824 3766 admonemur
854 3707 945 3766 etiam
966 3701 1070 3768 'altera
1092 3707 1306 3768 Varronianae
1329 3727 1375 3765 sa·

262 3825 350 3874 turae
379 3814 581 3891 inscriptione
615 3815 795 3887 Synephebis
825 3809 893 3888 περὶ
920 3807 1058 3889 ἒμμονῆς.
1102 3811 1222 3871 Nonius
1252 3810 1377 3890 quidem

263 3941 330 3980 cum
360 3919 524 4000 quinquies
558 3919 621 3978 eius
651 3926 772 3977 saturae
800 3918 988 3976 mentionem
1016 3917 1109 3976 faciat
1136 3919 1231 3976 semel
1259 3923 1376 3976 tantum

263 4028 295 4086 in
324 4025 408 4085 libris
441 4027 607 4100 abneptem,
645 4032 753 4104 quater
788 4027 879 4083 Varro
913 4028 941 4081 in
974 4026 1075 4098 ephebo
1106 4024 1227 4102 legitur.
1272 4023 1376 4104 Atque

263 4132 411 4210 Ephebus
426 4131 564 4204 Laberii,
581 4121 716 4205 ’Έφηβοι
736 4129 922 4210 Apollodori
943 4129 1115 4190 exstabant.
1159 4130 1226 4188 Nec
1249 4127 1376 4188 Oehleri

263 4237 383 4299 ratione
419 4237 502 4317 quod
530 4238 649 4298 Nonius
683 4237 716 4296 iu
752 4233 927 4316 afferendis]
953 4236 1103 4296 Varronis
1133 4245 1303 4296 saturarum
1328 4237 1375 4296 in·

264 4343 480 4422 scriptionibus
503 4345 569 4403 fere
590 4362 655 4402 non
677 4344 721 4401 uti
743 4347 772 4400 in
794 4344 1026 4421 praepositione
1042 4343 1142 4402 soleat
1156 4343 1272 4422 poteris
1288 4343 1375 4418 Syne-
