3274 5078
705 412 851 454 nomana.
1185 463 1188 470 Ι
1319 389 1338 450 9

223 581 300 642 fidat
328 599 414 656 aeqaie
441 583 608 660 reponenti
641 601 697 660 pro
729 588 754 639 et
786 599 857 654 quae
891 600 957 639 cum
990 580 1171 659 praesertim
1204 581 1272 658 ipse
1303 600 1339 638 ea

226 689 443 747 emendatione
477 709 584 767 parum
614 688 754 767 expediri
784 688 969 747 sententiam
997 688 1144 758 fateatur,
1180 695 1231 744 aut
1253 687 1338 746 Prel-

224 795 289 854 lero
319 796 505 854 assentiatur
534 803 614 872 atque
648 799 784 852 seruitutis
819 793 1017 852 conficienti?
1052 793 1218 865 Nimirum,
1256 792 1338 872 quod
1385 817 1386 820 ¹

226 901 407 962 Gerlachius
429 901 600 974 intellexit,
630 901 725 962 Nonii
748 902 839 978 culpa
853 900 1056 961 ,desideratur
1077 898 1161 958 unde
1186 907 1247 956 tam
1269 916 1340 974 quae

225 1026 316 1086 quam
327 1009 470 1084 genetivi
490 1010 625 1064 seruitutis
648 1015 674 1064 et
694 1010 825 1065 libertatis
840 1007 984 1084 suspensi
1006 1005 1131 1064 fuerint.
1166 1005 1260 1064 Velut
1281 1005 1340 1064 hoc
1389 1032 1392 1040 ·

224 1111 315 1170 modo
335 1113 461 1190 explere
482 1113 669 1172 sententiam
692 1115 792 1193 possis
816 1118 885 1172 citae
907 1131 1018 1172 cursum
1040 1122 1071 1169 ut
1092 1129 1256 1186 cognoscere
1274 1131 1339 1186 pas-

223 1235 279 1275 sem
302 1226 420 1290 atquae
447 1223 581 1276 seruitutis
610 1227 636 1276 et
656 1221 788 1277 libertatis
807 1222 844 1299 ab
866 1225 970 1294 arabiae
992 1222 1031 1275 cd
1051 1221 1180 1276 exodium
1202 1221 1341 1276 adductae

133 1314 135 1317 ’
224 1325 420 1380 vicissitudines
435 1332 534 1382 essent.
557 1326 660 1405 Atque
678 1346 716 1384 ex
727 1326 846 1384 eisdem
857 1325 1107 1405 Endymionibus
1125 1324 1207 1405 quod
1220 1327 1339 1384 Nonius

224 1447 255 1504 p.
279 1434 338 1500 349,
363 1439 378 1490 5
401 1429 557 1507 perhibuit
579 1431 783 1509 fragmentum
799 1439 847 1508 qui
866 1439 892 1492 si
912 1435 1075 1506 iit-cipitata
1097 1441 1207 1510 muntiare
1230 1435 1343 1505 caepisti

203 1569 206 1576 ·
224 1536 251 1588 in
274 1551 305 1590 eo
319 1534 375 1608 [ic]
389 1541 536 1596 retinueris
550 1557 690 1596 mancum
714 1548 760 1598 cst
781 1561 846 1600 cum
862 1543 961 1614 quodsi
979 1529 1067 1596 initio
1084 1535 1194 1614 reponi
1218 1533 1339 1592 debeat.

310 1639 373 1698 Sed
395 1640 490 1701 redeo
512 1644 594 1703 illuc.
639 1645 775 1705 Similem
799 1647 880 1704 enim
902 1641 1109 1722 superioribus
1139 1640 1342 1719 corruptelam

226 1766 293 1805 esse
323 1749 452 1806 coniicio
481 1749 514 1808 in
542 1750 589 1810 his
620 1772 698 1832 quae
729 1754 812 1832 apud
841 1753 976 1812 Nonium
1001 1752 1147 1826 leguntur
1176 1769 1206 1825 p.
1236 1755 1277 1817 59,
1307 1753 1338 1804 Ἢ

224 1855 404 1927 Inponcrare
433 1863 474 1912 est
502 1859 649 1921 inuadere;
677 1861 787 1918 uerbum
803 1879 834 1915 ,α
865 1861 972 1916 Graeco
1002 1864 1135 1925 tractum,
1170 1855 1253 1925 quasi
1281 1867 1341 1922 pan

225 1977 307 2017 creas
329 1975 499 2020 consumere.
551 1965 669 2020 Varro
697 1967 890 2021 ecclesiam
918 1969 952 2021 iu
983 1965 1116 2035 rapiam
1140 1975 1263 2014 arcam
1292 1959 1339 2010 in-

222 2076 462 2138 panicrarunt.
509 2067 588 2145 Inde
612 2088 703 2146 quem
732 2079 852 2128 saturae
878 2047 1014 2128 indicem
1037 2043 1340 2124 Ecclesia'Oehlcrus

226 2179 352 2242 auctore
377 2172 535 2250 ¹Scaligero
564 2179 683 2256 recepit
710 2175 805 2234 valde
827 2176 976 2235 incertum
1000 2194 1068 2234 esse
1092 2175 1158 2231 iure
1188 2161 1363 2228 Martinus*

224 2281 367 2340 Hertzius
390 2281 553 2354 iudicavit,
579 2284 630 2361 qui
653 2292 756 2342 tamen
774 2304 840 2342 curn
856 2287 1006 2340 ecclesiam⁴
1021 2281 1059 2339 ad
1082 2281 1152 2357 ipsa
1175 2273 1341 2351 fragmenti

225 2387 320 2446 verba
342 2390 452 2448 referri
480 2389 585 2446 mallet
614 2392 800 2449 sententiam
823 2412 886 2448 non
911 2389 1039 2467 aperuit.
1085 2382 1217 2443 Videtur
1241 2387 1342 2438 autem

225 2493 313 2565 mihi,
339 2514 398 2572 quo
423 2515 513 2553 omne
536 2496 744 2572 inscriptionis
762 2497 925 2572 vestigium
948 2495 1097 2580 aufertur,
1121 2488 1242 2548 Nonius
1264 2485 1342 2544 haec
1366 2568 1368 2577 Ι

227 2619 370 2676 exarasse
406 2602 512 2658 Varro:
535 2605 623 2658 arctes
644 2587 699 2660 idm
722 2607 749 2660 in
770 2607 926 2682 rectane
953 2621 982 2678 q.
1006 2619 1030 2658 s.
1076 2595 1127 2654 Sic
1150 2595 1267 2650 Hercles
1296 2598 1355 2648 est·

224 2707 257 2764 in
273 2705 560 2766 Wolfenbuttelano
577 2707 671 2766 Nonii
694 2729 724 2786 p.
742 2718 802 2781 533,
824 2717 849 2780 7,
874 2710 992 2765 Ercutcs
1013 2706 1046 2764 in
1070 2701 1155 2760 libris
1171 2719 1202 2778 p.
1215 2707 1279 2772 242,
1300 2708 1340 2757 15.
1432 2685 1436 2693 ¹

225 2812 322 2870 Porro
338 2820 371 2870 ut
382 2811 425 2870 ibi
441 2814 473 2872 in
489 2832 505 2870 c
521 2794 595 2873 abiit
608 2836 623 2870 r
635 2815 737 2874 littera
751 2817 795 2874 ita
811 2813 894 2894 apud
906 2813 1041 2872 Nonium
1052 2829 1083 2888 p.
1096 2816 1156 2879 543,
1175 2815 1207 2868 19
1218 2805 1342 2882 (ephoebi

226 2917 366 2995 scribitur
389 2921 472 2999 quod
496 2920 602 2980 debuit
629 2941 696 2980 esse
719 2919 842 2995 dpboras
864 2920 896 2978 in
915 2916 1148 2998 Endymionum
1169 2912 1341 2987 fragmento

225 3027 342 3082 Diuitum
366 3029 518 3100 anaphoras
547 3028 629 3084 Cbias
657 3030 696 3084 ud
723 3044 890 3084 communem
917 3032 1028 3083 reuocat
1055 3023 1191 3080 matellam
1219 3019 1253 3084 in
1283 3036 1341 3094 quo

227 3130 377 3192 Oehlerus
409 3133 620 3193 exscribendi
641 3135 872 3211 neglegentiam
902 3151 962 3210 qua
990 3130 1031 3187 H.
1059 3128 1098 3186 A.
1129 3127 1281 3186 Koehium
1309 3127 1342 3183 in

228 3239 499 3298 exercitationibus
528 3242 639 3298 criticis
671 3262 701 3319 p.
730 3249 762 3301 19
794 3239 919 3316 decepit
952 3226 1129 3294 incredibili
1149 3231 1343 3310 explicandi

227 3344 432 3419 perversitate
462 3347 683 3422 compensavit.
728 3343 809 3402 Illud
839 3350 940 3399 autem
968 3330 1173 3416 fragmentum
1203 3339 1261 3397 etsi
1284 3339 1344 3396 iam

228 3447 308 3505 absit
329 3448 477 3508 indicium
499 3457 622 3524 saturae
643 3458 745 3507 tamen
770 3448 808 3505 ad
829 3455 947 3506 saturas
976 3448 1133 3525 pertinere
1155 3446 1247 3505 fidem
1270 3446 1344 3504 facit

228 3575 294 3612 cum
316 3558 491 3616 sententiae
513 3558 598 3616 color
618 3566 680 3615 tum
701 3559 777 3628 reaia
800 3572 869 3612 arcu
893 3573 983 3632 quam
1005 3554 1124 3612 Numae
1151 3574 1251 3612 arcam
1275 3573 1343 3612 esse

228 3660 366 3737 suspicor
396 3661 434 3720 de
465 3685 525 3743 qua
546 3662 647 3722 videri
677 3663 709 3721 in
732 3663 838 3720 Manio
864 3660 923 3719 dici
951 3661 984 3718 in
1007 3661 1215 3719 coniectaneis
1239 3680 1279 3737 p..
1296 3668 1344 3720 110

228 3766 352 3844 scripsi:
375 3776 409 3824 ut
431 3769 542 3828 frustra
558 3770 620 3827 sint
642 3770 692 3847 qui
708 3769 760 3825 vel
782 3785 878 3825 aream
893 3769 944 3827 vel
966 3777 1073 3824 arctam
1089 3768 1141 3825 vel
1155 3785 1248 3824 arcem
1272 3765 1343 3824 olim

228 3872 346 3940 restitui
376 3872 539 3934 iusserunt.
581 3876 802 3951 Impcncrurnnt
831 3873 913 3952 quod
941 3874 1061 3932 Nonius
1090 3892 1109 3929 a
1136 3872 1254 3950 graecis
1283 3868 1343 3926 ndu

228 3975 314 4051 κρέας
344 3978 471 4038 deducit
501 3979 625 4055 dignum
653 3981 712 4038 hoc
734 3982 929 4056 grammatico
960 3981 1129 4037 inventum.
1179 3973 1341 4033 Dbderlei·

229 4088 297 4147 nius
327 4086 366 4145 de
395 4085 550 4144 intensiva
574 4085 612 4143 ab
639 4088 807 4160 impingendi
830 4085 924 4143 verbo
951 4083 1130 4142 hariolatur.
1174 4081 1252 4140 Mihi
1273 4099 1342 4158 pro-

229 4187 359 4250 babilius
385 4188 536 4250 Oelrlerus
565 4183 748 4268 aucupationi
770 4192 937 4250 admonere
967 4189 1102 4263 videtur,
1132 4185 1216 4246 unde
1239 4193 1343 4244 tamen

230 4317 293 4355 non
322 4293 525 4370 impancraadi¹
546 4297 603 4356 sed
635 4299 870 4372 impctncratiandi
897 4295 1023 4354 verbum
1052 4296 1159 4352 oritur:
1198 4290 1230 4350 id
1260 4290 1343 4370 quod

231 4423 288 4480 ego
321 4423 338 4461 a
365 4406 507 4481 Varrone
537 4404 589 4482 qui
623 4403 732 4462 multus
770 4409 816 4459 est
852 4409 883 4459 et
910 4401 1090 4478 ingeniosus
1126 4399 1159 4456 in
1188 4397 1342 4476 fingendis
