3274 5078
410 1207 763 1308 ANALECTA
793 1210 1111 1311 NONIANA.

497 1548 500 1553 Ι
553 1395 727 1512 iisse
748 1432 973 1513 seruus.

746 1687 776 1760 1.

288 1889 506 1965 Pervulgatum
537 1899 583 1948 est
611 1891 706 1949 Nonii
735 1891 925 1967 grammatici
954 1889 1063 1948 librum
1093 1892 1174 1950 omni
1204 1909 1320 1968 genere

203 1994 395 2071 corruptelae
424 1998 531 2052 mirum
554 2006 701 2074 quantum
730 1999 923 2077 inquinatum
947 2018 1028 2072 esse,
1061 2000 1104 2057 ita
1134 1985 1258 2086 quidem
1288 2005 1321 2056 ut

204 2119 270 2156 cum
293 2118 311 2155 a
337 2098 427 2158 bonis
456 2099 541 2158 libris
571 2122 679 2180 parum
708 2107 814 2164 salutis
843 2105 1048 2193 repetendum
1070 2105 1227 2163 videretur
1255 2105 1320 2162 fere

204 2207 299 2264 critici
327 2207 370 2264 ita
400 2209 611 2268 existimarent
639 2209 775 2268 sordium
803 2211 924 2268 illarum
952 2213 1014 2270 vim
1044 2230 1107 2268 non
1137 2229 1229 2289 posse
1260 2211 1320 2268 nisi

204 2312 334 2370 audacia
368 2317 504 2392 quadam
531 2317 728 2376 coniectandi
758 2337 793 2374 ac
821 2318 971 2376 violentia
1003 2317 1129 2375 domari.
1174 2316 1320 2372 Attamen

182 2426 270 2476 'eum
293 2420 325 2477 in
350 2420 582 2499 deperditarum
610 2423 792 2499 scriptorum
814 2423 953 2501 reliquiis
984 2442 1063 2502 quac
1085 2420 1180 2478 Nonii
1208 2418 1321 2476 bonam

149 2515 152 2519 ⁴
204 2535 322 2604 partem
347 2527 512 2608 conficiunt
540 2547 599 2605 quo
630 2528 746 2627 cautius
776 2527 915 2586 adhibita
938 2548 974 2586 eo
999 2528 1242 2586 efficacioresse
1266 2526 1321 2584 cri·

203 2634 264 2691 tica
296 2635 409 2707 soleat,
439 2633 503 2692 tum
523 2635 568 2692 ita
591 2642 767 2711 comparata
797 2641 843 2691 est
871 2634 966 2692 Nonii
994 2635 1140 2692 memoria
1171 2641 1205 2692 ut
1234 2653 1320 2692 accu-

203 2740 355 2798 ratissime
378 2739 522 2812 librorum
537 2740 670 2815 vestigia
693 2742 845 2818 prementi
868 2742 960 2799 liceat
983 2739 1146 2799 lenissimis
1164 2757 1259 2816 saepe
1274 2757 1321 2797 re·

204 2846 314 2904 mediis
344 2848 435 2931 etiam
464 2867 543 2926 quae
573 2847 828 2926 depravatissima
851 2848 1017 2906 videantur
1044 2846 1082 2905 ad
1113 2847 1322 2924 integritatem
1395 2849 1398 2855 '

204 2973 360 3012 revocare.
404 2955 515 3031 Itaque
545 2952 713 3030 antiquitus
743 2972 809 3010 cum
832 2955 926 3012 multa
953 2954 1086 3012 feliciter
1110 2952 1321 3020 emendarent,

204 3061 236 3118 in
260 3061 354 3139 longe
376 3059 514 3140 pluribus
537 3059 681 3118 iuvenilis
705 3057 835 3116 audacia
857 3038 916 3118 nec
943 3059 1018 3117 satis
1041 3063 1205 3136 perspecta
1227 3058 1322 3117 Nonii

206 3167 346 3227 condicio
370 3168 472 3227 effecit
488 3186 548 3245 quo
569 3166 669 3224 minus
685 3168 848 3224 veritatem
864 3173 1118 3244 assequerentur,
1143 3183 1201 3222 nec
1217 3173 1323 3223 nostra

206 3255 308 3333 aetate
339 3273 505 3332 defuerunt
534 3275 586 3352 qui
616 3293 707 3351 quem
736 3293 843 3352 parum
866 3271 1020 3346 cognitum
1049 3269 1201 3329 haberent
1224 3292 1322 3348 gram·

205 3381 345 3438 maticum
368 3380 550 3438 coniecturis
573 3387 726 3455 temptare
755 3399 818 3437 non
844 3376 1036 3435 dubitarent:
1066 3384 1097 3434 et
1117 3384 1220 3434 tamen
1244 3399 1322 3436 unus

206 3509 280 3567 prae
305 3488 415 3546 ceteris
440 3484 567 3545 Carolus
590 3484 806 3542 Lachmannus
835 3482 946 3562 positis
974 3481 1147 3559 insignibus
1176 3485 1322 3544 emenda-

205 3595 299 3652 tionis
328 3595 492 3652 Nouianae
523 3592 672 3670 exemplis
704 3591 864 3671 praeclare
892 3589 1044 3648 rationem
1067 3589 1233 3650 edocuerat
1262 3612 1323 3671 qua

206 3702 238 3758 in
260 3701 319 3758 hoc
341 3701 536 3777 grammatico
561 3700 695 3758 criticam
725 3706 821 3756 artem
852 3695 988 3755 exerceri
1018 3706 1183 3774 oporteret.
1229 3697 1322 3757 (iuius

206 3807 335 3865 rationis
359 3806 497 3872 laetabor
518 3809 544 3867 si
569 3806 643 3886 quid
672 3807 775 3864 inesse
806 3801 986 3862 iudicabunt
1012 3801 1045 3858 in
1068 3801 1115 3861 his
1139 3823 1218 3882 quae
1241 3802 1323 3859 infra

208 3914 315 3993 scripsi
339 3912 495 3972 emendati
517 3915 612 3973 Nonii
635 3895 877 3991 speciminibus3¹
897 3927 976 3988 quae
1000 3910 1066 3965 cum
1089 3907 1231 3964 cLucilii
1246 3908 1322 3965 Var-
1348 3903 1356 3910 ”

207 4001 354 4100 ranisque
377 4030 545 4079 saturarum
561 4019 698 4097 reliquiis
722 4018 820 4095 petita
844 4026 948 4073 essent
968 4015 1084 4086 omnia,
1109 4013 1200 4071 malui
1218 4021 1322 4072 tamen

208 4129 374 4206 separatim
396 4145 512 4204 genera
536 4124 767 4204 depravationis
791 4121 946 4201 persequi.

292 4237 455 4313 Frequens
479 4232 561 4312 apud
577 4230 712 4290 Nonium
736 4249 868 4287 errorum
886 4221 984 4305 genus
1007 4227 1066 4284 hoc
1089 4234 1136 4283 est
1157 4233 1191 4282 ut
1212 4224 1323 4281 litteris

209 4341 259 4398 vel
290 4341 419 4419 syllabis
447 4341 527 4398 male
558 4337 701 4396 diiunctis
735 4345 787 4394 aut
819 4353 983 4414 perperam
1017 4332 1187 4392 coniunctis
1216 4347 1323 4386 manus

261 4455 385 4504 vanarn,
407 4453 552 4501 auersere
571 4453 636 4488 nou.
1105 4434 1117 4490 1
