3274 5078
295 407 339 466 -10
443 468 445 474 ,
774 419 939 462 suanacas

298 591 454 650 vocabulis
470 589 553 649 haud
575 591 618 648 ita
634 590 768 648 alienum
789 590 968 668 putaverim,
995 607 1176 668 quamquam
1199 589 1322 648 dubium
1337 589 1410 648 mihi

297 703 513 774 imponeretiont
535 717 575 758 an
597 700 849 771 imponcrotorant
869 697 980 754 rectius
1003 702 1180 774 reponatur.

382 803 614 863 Andabatarum
635 801 773 861 versibus
797 799 914 860 duobus
936 821 1007 861 usus
1031 809 1077 861 est
1098 801 1218 870 Nonius
1242 821 1273 880 p.
1296 809 1356 874 486,
1377 809 1408 862 6:

295 917 374 985 parti
394 919 420 969 et
436 915 548 984 parntis
574 927 628 982 pro
644 917 749 983 partus
772 951 779 966 .
804 951 811 964 .
836 951 844 966 .
895 911 926 965 V.
950 912 998 965 Α..·
1020 910 1210 964 condidam
1238 911 1333 964 lacte
1348 925 1407 980 pa-

294 1021 481 1092 pittacum
502 1019 605 1091 fluit,
627 1017 907 1088 signumputont
928 1016 1079 1071 Parlais
1099 1015 1267 1089 quoditie
1289 1030 1407 1086 sequo-

299 1133 356 1182 tur
377 1127 556 1180 mulierem
572 1137 586 1178 e
604 1127 717 1193 porto
739 1123 868 1195 liquor.
893 1119 1028 1198 Quorum
1043 1128 1161 1199 partem
1177 1117 1260 1176 idom
1275 1125 1410 1196 pesae

299 1227 477 1306 adscripsit:
500 1228 584 1284 Lacte
605 1230 767 1284 nominativo
790 1228 908 1282 casaub
931 1243 980 1298 eo,
1000 1228 1076 1308 ¹qaod
1092 1233 1133 1282 est
1146 1227 1190 1282 loc
1206 1269 1213 1283 .
1230 1268 1237 1282 .
1255 1269 1262 1282 .
1281 1267 1288 1282 .
1318 1226 1410 1283 Varro

300 1310 466 1392 Andabalis:
495 1335 682 1390 candidum
710 1336 801 1389 lacte
820 1335 963 1405 papilla
991 1351 1064 1389 cam
1091 1333 1184 1406 fluit.
1230 1330 1268 1388 In
1299 1329 1408 1409 quibus

300 1439 560 1520 quodutrobique
576 1439 706 1498 traditur
727 1439 816 1497 metri
830 1439 938 1498 vitium
960 1457 1026 1498 cum
1041 1436 1288 1513 Laurenbergius
1311 1447 1409 1495 trans-

299 1545 407 1626 positis
427 1549 535 1619 popilla
557 1549 627 1603 locta
648 1546 777 1618 sanarit,
801 1545 895 1604 multo
918 1545 1106 1624 probabilius
1131 1543 1281 1604 Oehlerus
1304 1548 1411 1602 lactes

293 1657 404 1726 papilla
426 1653 558 1731 scripsit.
585 1651 749 1722 ¹Attamen
778 1651 804 1708 si
828 1651 894 1730 quis
914 1655 1139 1729 ,praeterlactc
1166 1658 1196 1709 et
1220 1652 1357 1710 extitisse
1380 1660 1411 1710 et

219 1797 220 1802 κ
298 1768 473 1842 usurpatam
496 1780 514 1817 a
536 1760 676 1818 Varrone
705 1777 773 1816 esse
802 1762 857 1815 loct
884 1759 1011 1816 formam
1040 1755 1229 1836 ostenderit,
1258 1756 1409 1836 improba-

297 1864 377 1924 bitur
401 1867 452 1945 qui
474 1866 519 1924 illi
545 1885 666 1946 quoque
688 1865 790 1922 versui
822 1863 963 1922 diiunctis
993 1863 1102 1921 litteris
1126 1866 1181 1920 lact
1201 1881 1215 1921 e
1234 1867 1341 1938 papilla
1363 1885 1410 1923 re·

299 1973 382 2031 stitui
405 1972 557 2032 suaserit?
585 1973 664 2030 Nam
686 1972 719 2029 in
742 1990 777 2028 eo
806 1990 896 2028 nemo
920 1979 993 2050 puto
1023 1969 1163 2028 haerebit
1187 1970 1268 2049 quod
1290 1973 1409 2030 Nonius

298 2080 333 2136 in
356 2078 500 2135 lemmate
523 2081 593 2134 lacte
615 2097 677 2135 non
702 2079 756 2133 lact
777 2079 931 2155 posuerit,
963 2079 1045 2135 cuius
1075 2077 1121 2134 rei
1143 2078 1204 2134 vim
1227 2079 1254 2136 si
1282 2087 1412 2157 qua⁰est

270 2165 282 2180 ’
299 2204 335 2243 eo
359 2184 516 2264 putaveris
541 2182 657 2240 clevari
681 2181 763 2261 quod
786 2191 945 2262 utrumque
960 2184 1055 2242 Nonii
1077 2184 1285 2244 testimonium
1306 2184 1339 2242 in
1362 2185 1409 2242 his

297 2295 367 2348 lacte
386 2293 494 2364 papilla
517 2289 700 2348 consentiat.
744 2283 1011 2347 Formam'autem
1035 2309 1115 2368 quae
1140 2297 1186 2348 est
1208 2293 1262 2345 loct
1276 2290 1409 2348 Varroni

298 2396 459 2476 probatam
481 2395 575 2455 fuisse
600 2403 630 2453 et
650 2395 684 2452 in
699 2394 882 2452 Florentino
905 2393 1051 2452 librorum
1075 2394 1114 2453 de
1137 2395 1243 2471 lingua
1265 2395 1364 2453 latina
1378 2415 1408 2453 v.
1456 2441 1462 2454 .

265 2571 271 2588 ¹
300 2514 350 2564 los
364 2503 406 2561 M.
423 2524 454 2581 p.
473 2509 522 2564 106
542 2500 595 2579 Sp.
612 2510 765 2583 servatam
782 2521 850 2560 esse
865 2500 1046 2560 Leonardus
1064 2499 1249 2578 Spengelius
1267 2501 1410 2578 exposuit

298 2609 450 2687 philologi
472 2609 523 2666 XI
545 2627 576 2686 p.
599 2615 666 2668 406:
690 2607 729 2665 cf.
753 2606 891 2665 eiusdem
914 2607 1129 2666 commentatio
1153 2605 1192 2663 de
1214 2606 1410 2665 emendanda

298 2714 420 2772 ratione
437 2711 585 2771 librorum
607 2713 649 2771 M.
673 2713 813 2771 Terentii
835 2714 984 2772 Varronis
1013 2712 1052 2770 de
1075 2713 1182 2788 lingua
1209 2713 1306 2771 latina
1328 2733 1359 2791 p.
1382 2719 1408 2774 7.

299 2818 362 2877 Sed
391 2817 485 2876 Probi
511 2818 608 2876 verba
634 2791 729 2876 instit.
760 2837 884 2894 gramm.
907 2839 938 2897 p.
965 2828 1012 2880 105
1035 2816 1128 2876 Lind.
1166 2819 1189 2876 0
1214 2821 1302 2875 littero
1326 2837 1409 2876 unam

297 2941 395 2982 nomen
417 2927 556 2996 reperitur
577 2927 751 2982 terminatum
771 2927 881 2998 pencris
902 2929 994 2984 nesciri
1016 2969 1021 2982 .
1046 2968 1054 2983 .
1079 2967 1085 2983 .
1109 2927 1260 2982 lactucas
1294 2927 1409 2995 Quidam

297 3033 349 3088 boc
371 3033 426 3087 loct
445 3031 544 3088 debere
565 3033 620 3086 dici
644 3033 695 3087 scd
714 3048 769 3088 non
792 3034 845 3104 lapi
864 3035 919 3088 nisi
937 3035 965 3087 in
993 3032 1120 3089 Varrone
1142 3034 1175 3088 do
1200 3036 1292 3106 linqua
1314 3037 1409 3105 latina,

297 3139 374 3198 haec
395 3138 488 3216 igitur
509 3136 687 3215 respicienti
716 3135 807 3193 facile
829 3136 929 3194 irritus
956 3136 1097 3195 videatur
1120 3139 1171 3217 qui
1195 3137 1325 3196 eandem
1349 3139 1409 3197 for-

298 3263 376 3303 mam
393 3245 484 3303 etiam
497 3245 564 3303 aliis
578 3242 721 3323 operibus
733 3242 882 3300 Varronis
895 3241 1024 3300 maxime
1037 3244 1145 3301 saturis
1161 3243 1252 3302 reddi
1267 3243 1408 3302 voluerit.

297 3353 376 3409 Nam
391 3351 591 3409 Ritscholium
613 3369 695 3408 nuno
712 3357 842 3427 apparet
859 3349 1025 3421 erravisse,
1052 3351 1103 3428 qui
1127 3353 1181 3407 loct
1202 3349 1330 3407 formam
1345 3369 1409 3406 non

297 3475 462 3534 usurpasse
485 3457 656 3515 Varronem
678 3456 735 3514 sed
756 3464 911 3536 tamquam
933 3476 989 3534 pro
1012 3455 1147 3514 themate
1170 3459 1248 3513 lactis
1270 3458 1409 3532 genetivi

260 3558 263 3570 ⁴
298 3562 438 3639 posuisse
461 3560 565 3620 scribit
591 3562 625 3617 in
647 3581 721 3618 mus.
745 3563 845 3621 Rhen.
868 3565 933 3623 VII
955 3584 985 3642 p.
1009 3569 1069 3624 607.
1113 3562 1209 3620 Immo
1232 3563 1310 3620 haee
1332 3564 1409 3622 Var-

298 3669 381 3726 ronis
405 3668 426 3725 l.
449 3667 469 3724 l.
492 3669 643 3746 vernaculo
674 3669 782 3724 lactuca
805 3689 822 3725 a
846 3672 915 3726 lacte
943 3671 1016 3742 quod
1043 3670 1103 3724 olas
1124 3669 1153 3722 td
1173 3669 1255 3726 habet
1274 3673 1329 3726 lact
1353 3667 1409 3747 (sic

299 3774 381 3832 enim
403 3769 500 3849 Flor.)
525 3791 591 3829 cum
622 3771 783 3832 considero
815 3783 846 3831 et
876 3773 1022 3847 Charisii,
1051 3773 1226 3846 Diomedis,
1256 3775 1406 3854 Pompeii,

298 3890 467 3940 ceterorum
482 3880 743 3957 grammaticorum
758 3881 934 3941 testimonia
949 3880 1090 3958 respicio,
1116 3880 1181 3938 fera
1197 3902 1261 3940 non
1285 3881 1409 3941 dubium

297 3987 371 4045 mihi
393 3984 529 4056 videtur,
561 3986 634 4064 quin
657 3987 754 4046 Varro
778 3997 891 4046 certam
912 3988 945 4044 in
977 4007 1013 4044 ea
1043 4006 1076 4044 re
1104 3988 1256 4046 rationem
1279 3995 1309 4045 et
1337 4007 1408 4046 con·
1484 4000 1488 4006 '

298 4093 443 4150 stantiam
471 4101 592 4150 secutus
621 4092 675 4152 sit:
711 4091 967 4173 quemadmodum
994 4093 1136 4152 Plautum
1169 4092 1311 4170 ubique
1340 4096 1409 4149 lacte

298 4199 457 4277 scripsisse
481 4195 582 4256 eidem
604 4198 790 4274 grammatici
812 4207 977 4257 testantur:
1000 4198 1134 4257 Varroni
1157 4205 1258 4255 autem
1278 4197 1408 4276 probata

298 4303 395 4361 forma
418 4302 499 4383 quod
522 4313 684 4381 praeterea
699 4325 755 4363 usu
772 4313 897 4383 recepta
920 4326 983 4364 non
1006 4278 1046 4360 sit
1062 4302 1203 4382 Caesaris
1227 4305 1407 4363 auctoritate
