3270 5072
447 1656 744 1724 IOANNES
760 1633 1132 1730 'VAHLENUS

272 2325 586 2410 FRfflERICO
608 2328 940 2411 THEOPHILO
963 2330 1297 2413 WELOKERO.

181 2965 183 2972 ¹
303 2917 443 3037 Nuntio
471 2939 534 3004 hue
559 2941 662 3004 relato
685 2962 759 3003 eum
788 2941 873 3004 diem
906 2943 1028 3006 instare
1048 2966 1111 3030 quo
1134 2953 1209 3006 ante
1236 2943 1344 3007 hosL
1380 3020 1389 3039 ·

225 3095 328 3138 annos
356 3074 596 3160 professionem
627 3041 835 3162 antiquarum
859 3075 1042 3141 litterarum
1070 3077 1182 3142 adiisti
1206 3055 1345 3176 ¹quanto·

224 3233 303 3296 pere
329 3231 380 3273 me
403 3220 515 3296 putas,
539 3209 732 3290 Welckere‚
754 3211 862 3274 animo
884 3233 956 3275 esse
972 3221 1176 3276 commotum.
1211 3211 1344 3274 Etenim

224 3354 334 3408 mente
357 3343 439 3407 illud
463 3346 618 3431 temporis
642 3337 783 3441 spatium
807 3351 1005 3434 permetiens
1028 3346 1263 3438 reminiscebar
1282 3346 1344 3411 hoc

224 3482 297 3566 ipso
322 3452 653 3546 semisaeeuloinitia
675 3486 876 3546 incrementa
897 3466 1009 3546 florem
1037 3482 1250 3545 laetissimum
1274 3483 1343 3568 phi-

224 3615 366 3702 l'ologiae
395 3617 613 3682 Germanicae
638 3619 808 3682 contineri.
854 3619 946 3698 Quae
973 3619 1103 3704 quidem
1132 3618 1220 3705 quod
1246 3617 1343 3681 hodie

224 3755 259 3818 in
285 3775 322 3817 eo
351 3753 485 3838 fastigio
514 3753 673 3822 collocata
700 3755 877 3842 suspicitur
908 3756 978 3818 eius
1003 3756 1052 3818 rei
1080 3775 1251 3818 narremne
1281 3774 1341 3836 ego

224 3899 347 3976 quanta
369 3887 441 3951 Tua
462 3911 537 3974 pars
563 3891 624 3972 sit,
655 3891 708 3955 vir
728 3890 945 3972 venerabilis,
979 3912 1074 3976 quem
1098 3889 1192 3975 quasi
1220 3884 1350 3972 mysta-'

223 4047 345 4110 gogum
368 4024 511 4111 aliquem
533 4026 636 4090 fuisse
655 4024 700 4089 ad
723 4025 855 4089 occlusa
878 4035 954 4088 ante
971 4026 1082 4110 poesis
1107 4024 1185 4086 artis
1210 4022 1340 4135 religio-

223 4162 274 4223 nis
295 4159 496 4224 Graecorum
519 4181 640 4224 arcana
660 4183 781 4224 omnes·
801 4161 858 4247 qui
880 4160 931 4224 his
953 4159 1077 4224 artibus
1105 4160 1253 4243 cupimus
1276 4181 1341 4223 non

223 4297 327 4380 magis
351 4297 437 4380 grati
464 4319 561 4383 quam
590 4295 801 4381 gloriabundi
830 4296 1067 4382 praedicamus.
1118 4295 1164 4357 At
1192 4316 1266 4358 cum
1293 4303 1340 4358 tot

224 4427 287 4494 Tui
302 4431 427 4515 ingenii
445 4435 655 4497 monumenta
670 4431 790 4495 famam
806 4431 909 4494 Tuam
925 4453 990 4493 non
1006 4452 1065 4516 per
1079 4431 1219 4515 patriam
1236 4429 1340 4492 solum
