3274 5078
321 366 358 424 14
647 439 652 448 Ι
789 379 954 422 Ausonum

211 563 223 586 ³
318 553 453 623 tolenus,
487 548 571 608 unde
598 565 701 622 penere
730 557 802 627 post
825 549 944 606 Iunium
972 548 1137 606 Mercerus.
1181 546 1281 623 Magis
1310 547 1342 606 in
1369 547 1431 604 fine

318 677 424 717 versus
445 657 627 715 haeserunt:
650 654 745 710 Ianus
766 655 873 712 Dousa
895 655 1064 728 Interfecisti
1084 661 1114 709 nt
1135 655 1224 719 video,
1248 652 1430 712 Gerlachius

318 766 460 838 interfeci.-
488 764 561 818 istim
587 777 654 833 nepe
678 778 694 816 e
723 761 829 818 nescio
860 761 943 818 cuiu's
973 758 1030 816 viri
1061 756 1142 815 docti
1171 757 1346 835 suspicione
1381 758 1432 836 qui

318 868 426 928 itidem
440 869 615 941 interfecisti:
637 869 667 922 id
680 883 747 940 nepo
763 866 948 924 coniecerat.
984 863 1135 940 Corpetus
1150 861 1243 932 hanc,
1253 865 1433 943 scripturam

319 976 482 1048 interfecisti
501 981 531 1030 ut
544 989 579 1030 ne
592 988 641 1046 epo
663 971 921 1050 interpretatione
945 972 1112 1052 expressit:
1138 970 1272 1051 denique
1295 973 1432 1030 Diintze·

319 1100 369 1138 rus
391 1079 554 1152 interfecisti
574 1078 719 1150 Herpepo.
764 1077 993 1155 Reponandum
1017 1088 1096 1138 erat:

888 1213 927 1272 A.
952 1215 1072 1273 Piscium

473 1320 605 1393 Mepnam
629 1317 710 1393 sitque
732 1321 844 1375 altilium
871 1323 923 1376 vim
950 1318 1121 1394 interfecisti.
1144 1351 1164 1361 -
1186 1320 1222 1377 B.
1250 1321 1329 1376 Heni
1355 1335 1432 1392 nepo.

323 1455 483 1515 Senarium
514 1463 616 1512 autem
643 1452 805 1511 'iambicum
835 1453 917 1533 quod
946 1454 1025 1513 malo
1056 1475 1145 1535 quam
1173 1455 1358 1513 trochaicum
1388 1473 1433 1510 se-

321 1562 494 1638 ptenarium
511 1560 701 1632 describere,
718 1561 756 1618 'in
775 1580 812 1617 ea
832 1559 1068 1619 reLachmanni
1091 1561 1301 1619 auctoritatem
1323 1580 1435 1638 sequor

322 1668 373 1745 qui
402 1657 484 1744 duod
498 1674 608 1745 ‘supra
641 1665 705 1724 dixi
735 1664 811 1724 illud
834 1685 976 1724 versuum
1005 1687 1102 1744 genus
1130 1668 1200 1725 huic
1230 1667 1307 1726 libro
1337 1669 1435 1725 solum

320 1771 506 1830 vindicavit:
530 1773 633 1850 itaque
657 1770 740 1828 idem
762 1771 795 1828 in
817 1772 960 1832 Lucretio
984 1794 1014 1852 p.
1041 1779 1090 1834 170

857 1910 1000 1966 Sderntem

474 2014 590 2082 Qnidcim
613 2022 731 2088 tyranne
754 2013 837 2072 misse
860 2019 1028 2089 Aristippum
1050 2019 1202 2078 enituerunt.

323 2147 428 2226 Quare
453 2169 528 2228 quos
550 2150 670 2209 Nonius
687 2170 717 2228 p.
736 2157 794 2223 175,
812 2159 841 2212 21
869 2159 899 2208 et
921 2171 951 2230 p.
968 2159 1027 2224 249,
1044 2160 1061 2212 2
1077 2171 1116 2210 ex
1139 2152 1248 2236 eodem
1270 2151 1346 2210 libro
1364 2153 1435 2210 cita-

322 2257 366 2314 vit
388 2257 555 2316 versiculos
578 2259 623 2315 sic
646 2256 786 2315 distribui
810 2256 958 2334 oportuit:

474 2393 627 2451 Praete'ree
649 2395 723 2450 ianne
743 2393 905 2449 subsiciuam
927 2396 953 2449 si
972 2395 1083 2464 qicnndo'
1106 2397 1178 2451 voles

475 2499 596 2572 Opereim

324 2615 368 2666 et:

929 2692 1076 2748 cdnimeoet

478 2799 515 2855 Se
536 2798 674 2873 istisquem
696 2815 784 2871 neque
806 2798 950 2854 committet
970 2806 1000 2854 nt
1016 2799 1118 2870 pererit
1137 2802 1189 2856 sibi

323 2933 479 3010 segregari
503 2941 603 2990 autem
626 2933 664 2991 ab
689 2954 725 2991 eo
748 2933 825 2992 libro
849 2940 973 3011 praeter
988 2933 1182 2994 hexametros
1205 2937 1371 2996 nonnullos
1386 2938 1439 2996 vel

324 3041 381 3098 hos
405 3040 601 3118 septenarios
626 3039 709 3118 apud
730 3041 865 3098 Nonium
888 3062 918 3119 p.
943 3049 1002 3113 175,
1026 3050 1074 3102 33:

477 3176 683 3234 Sircinntorem
706 3177 768 3233 e'sse
789 3193 936 3249 summam,
958 3178 1041 3233 sciere
1063 3184 1202 3233 centonem
1224 3180 1333 3252 dptnme

326 3290 409 3360 etp.
432 3290 492 3354 248,
516 3289 550 3342 24
1233 3359 1240 3372 .

478 3386 551 3455 Onici
572 3404 614 3445 me
632 3391 695 3462 fiet,
717 3388 852 3462 siqnidem
869 3407 942 3446 nnnc
964 3393 1003 3447 cis
1026 3399 1050 3446 te
1065 3389 1189 3462 inprobis
1211 3389 1396 3447 committere?

325 3520 377 3579 ubi
409 3530 597 3599 exposcente
626 3524 782 3582 sententia
811 3542 886 3581 nnnc
915 3525 1033 3584 restitui
1064 3545 1119 3603 pro
1152 3545 1187 3582 eo
1219 3524 1301 3604 quod
1332 3534 1386 3584 est·
1405 3528 1437 3584 in

326 3627 411 3688 libris
434 3646 503 3684 nen:
533 3647 604 3684 nam
625 3628 657 3685 in
680 3628 819 3686 Merulae
843 3631 972 3690 fallaciis
995 3632 1104 3710 quibus
1128 3633 1221 3690 Ianus
1236 3633 1343 3692 Deuca
1365 3654 1438 3692 con·

325 3735 392 3794 fidit
414 3754 477 3792 non
502 3742 547 3792 est
570 3733 653 3812 quod
675 3735 826 3793 immorer.

410 3840 569 3898 Postremo
597 3841 629 3898 in
650 3839 847 3898 ¹editionibus
878 3851 1079 3918 personarum
1107 3841 1280 3905 distributio
1316 3846 1438 3904 deside«

328 3953 410 4004 retur
437 3947 469 4003 in
497 3947 556 4004 hoc
577 3946 689 4004 Lucilii
716 3965 807 4026 versu
837 3946 920 4024 apud
950 3945 1085 4007 Nonium
1114 3970 1145 4028 p.
1175 3961 1217 4024 36,
1241 3961 1292 4015 27:
1321 3954 1441 4026 depilati

327 4053 426 4108 dictum
449 4052 594 4124 rarefacti.
631 4056 751 4110 Lucilius
765 4055 809 4109 lib.
827 4055 1000 4112 XXVIIII:
1020 4066 1103 4114 nato
1125 4060 1212 4132 quid
1233 4066 1346 4115 actum
1368 4065 1439 4116 est?

328 4157 481 4228 depilati
501 4175 616 4215 omncs
637 4175 764 4215 snmus.
809 4159 911 4218 Probe
934 4162 1088 4222 Mercenis
1113 4165 1200 4220 Gnate
1223 4164 1317 4221 ascito
1341 4164 1437 4222 altero

329 4260 438 4320 Lucilii
466 4282 557 4322 versu
587 4283 676 4342 quem
704 4285 774 4326 mox
801 4267 935 4326 afferam.
980 4269 1079 4345 Quem
1110 4267 1358 4346 emendationem
1388 4271 1439 4348 qui

330 4386 415 4424 suam
438 4367 512 4426 fecit
535 4368 686 4448 Corpetus
715 4392 754 4432 ne
786 4374 829 4432 sic
858 4373 981 4452 quidem
1011 4383 1093 4432 recte
1116 4375 1179 4432 vim
1200 4375 1362 4436 verborum
1391 4395 1438 4434 ac·
