3274 5078
554 427 556 430 ·
658 419 806 461 uomere.
1276 403 1315 462 l'l

196 589 359 661 coactoque:
381 606 452 646 nam
473 585 581 644 itidem
602 587 737 647 Lucilius
761 587 845 668 apud
867 588 1002 649 Nonium
1023 607 1055 670 p.
1076 597 1136 663 463,
1160 579 1196 652 'lo
1217 592 1318 648 cratim

197 696 292 750 eadem
314 711 371 750 uno
393 700 524 750 moneant
544 696 572 749 ιἰι
598 699 741 751 centania.

280 799 401 858 Eadem
429 800 549 858 ratione
584 801 689 860 nescio
719 819 759 858 an
789 799 879 860 etiarn
913 802 963 860 hic
990 817 1107 862 versus·
1138 802 1317 862 restituatur
1426 839 1428 842 -

196 902 280 982 apud
297 905 433 965 Nonium
448 927 479 986 p.
495 915 556 980 301,
575 915 607 969 16
628 909 780 980 urucae,
796 909 950 966 ducerem.
974 911 1096 968 laertius
1110 911 1156 966 aa
1175 909 1315 968 XXVII:

135 1049 139 1058 -
196 1019 284 1068 metuo
307 1020 338 1068 ut
356 1015 422 1085 fieri
434 1018 527 1087 possit
547 1030 627 1088 erpo,
656 1032 708 1086 quo
734 1014 772 1068 ob
793 1015 919 1072 Arciloco
948 1017 1055 1074 excido.
1101 1014 1153 1073 Sic
1183 1022 1213 1072 et
1235 1015 1315 1075 Mer·

198 1120 259 1177 ceri
283 1121 456 1198 exemplum
478 1128 509 1178 et
530 1119 749 1180 Basiliensiam
777 1119 829 1198 qui
859 1135 876 1178 o
900 1100 1082 1180 (lenovensi
1109 1129 1142 1178 et
1161 1121 1316 1179 Bemensi

197 1243 245 1299 epo
268 1230 325 1283 otoo
347 1227 381 1284 ab
403 1231 524 1300 crctloro
552 1229 682 1284 accidere
696 1225 912 1300 adnotarunt,
944 1227 978 1284 in
1007 1226 1116 1306 quihus
1146 1229 1277 1284 excidere
1300 1203 1342 1286 e·

197 1331 339 1390 lemmate
354 1333 450 1391 Nonii
473 1341 626 1411 sumptum
640 1331 690 1392 est
706 1333 883 1408 manifesto.
920 1333 1031 1395 Lucilii
1060 1331 1196 1390 editores
1217 1333 1316 1392 Fran·
1382 1311 1386 1318 ⁵

198 1439 309 1504 cisoum
331 1435 588 1498 Dousamseeuti
609 1447 682 1497 sunt
704 1439 758 1518 qui
779 1438 876 1497 verba
897 1439 941 1496 ite
963 1457 982 1495 a
1004 1457 1038 1497 aa
1060 1440 1201 1498 restituta

349 1601 436 1650 metuo
459 1601 491 1650 αἱ
507 1595 573 1666 fieri
588 1596 678 1665 possit
698 1608 801 1666 egoque
822 1593 858 1648 alr
879 1593 1045 1664 Archilocho
1066 1595 1166 1650 excido

196 1742 396 1806 Archilochio
420 1763 511 1804 rorau
522 1745 656 1806 illustrat
677 1731 733 1802 oia
749 1732 863 1804 ἄπιστα
879 1735 978 1804 πάντα
1000 1733 1165 1826 relatum
1184 1742 1316 1822 γίγνεται

193 1835 334 1927 Molaria
362 1871 381 1908 a
404 1870 464 1930 qua
492 1851 649 1910 sententia
671 1870 705 1910 se
733 1850 800 1912 sive
822 1849 958 1910 Lucilius
986 1851 1054 1909 sive
1077 1849 1154 1909 aliua
1178 1851 1246 1929 quis
1269 1852 1317 1910 cui

197 1955 252 2014 illa
281 1955 377 2014 verba
404 1956 546 2016 tribuerit
574 1956 740 2016 dissentire
770 1956 912 2018 fateatur.
957 1956 1104 2014 Attamen
1127 1955 1200 2014 milri
1220 1956 1317 2016 verba

193 2069 230 2119 ut
252 2081 271 2120 a
297 2062 401 2122 Nonio
430 2063 545 2122 tradita
571 2073 645 2124 sunt
672 2062 884 2132 consideranti
913 2079 977 2120 non
1006 2069 1082 2120 tama
1097 2062 1317 2122 emendatione

198 2187 289 2246 quam
313 2167 511 2230 distinctione
536 2189 614 2249 opus
635 2171 731 2230 luisse
753 2169 884 2228 ridetur.

302 2331 304 2336 '
349 2321 441 2380 Metuo
462 2331 493 2380 ut
510 2327 576 2398 ῥινί
593 2327 686 2398 possit.
729 2325 807 2396 Erpa
829 2340 882 2396 quo
905 2323 939 2377 ab
961 2323 1126 2408 Archilocho
1149 2317 1270 2380 excido?

198 2474 237 2531 In
260 2473 369 2553 quibus
392 2493 446 2548 quo
470 2474 579 2534 codem
601 2475 761 2534 intellectu
781 2472 912 2532 habetur
934 2493 993 2552 quo
1010 2471 1169 2535 Meinekio
1192 2481 1316 2534 auctore

197 2581 229 2638 in
261 2601 296 2640 eo
326 2581 475 2641 Varronis
503 2600 595 2640 versu
627 2580 735 2660 accepi
772 2579 901 2658 dequo
938 2575 1003 2636 dixi
1036 2578 1070 2636 in
1105 2579 1316 2640 coniectaneis

198 2705 228 2764 p.
255 2694 302 2748 187
566 2678 569 2684 ’
1198 2687 1199 2690 ’

353 2795 619 2857 lamentatoris?
642 2794 701 2862 Qrui
723 2794 770 2850 thr·
790 2795 852 2850 aino
874 2791 977 2864 co'rpuo
998 2790 1159 2866 corrumpis
1180 2799 1275 2850 mero?

198 2927 278 2986 Puto
303 2929 385 2987 enirn
416 2947 542 3015 errasse⁸
558 2929 655 2986 virum
689 2925 897 2988 doctissimum
929 2927 981 3005 qui
1010 2945 1111 3005 nuper
1132 2927 1266 2986 Varroni
1289 2935 1316 2985 tu

198 3053 254 3092 uun
281 3037 388 3111 insanie
414 3047 494 3110 quom
521 3035 642 3094 restitui
670 3035 768 3094 iussit.
814 3031 878 3094 Sed
907 3033 1018 3092 Lucilii
1046 3051 1153 3093 versus
1182 3053 1249 3091 cum
1278 3033 1316 3091 ab

199 3141 356 3200 sententia
384 3141 461 3200 nihil
489 3141 677 3201 difficultatis
701 3141 809 3199 afferat
838 3146 966 3218 propter
987 3138 1144 3196 metricam
1163 3139 1317 3200 rationem

200 3247 364 3306 offensioni
394 3256 449 3307 est.
493 3249 566 3306 Non
597 3247 666 3306 dico
694 3247 811 3306 hiatum
838 3245 872 3302 in
894 3245 942 3302 his
964 3239 1020 3318 quei
1041 3246 1075 3299 ah
1098 3243 1139 3300 Ar
1168 3243 1219 3322 qui
1240 3243 1316 3320 legi·

199 3353 288 3411 timus
319 3362 366 3412 est
393 3362 424 3411 et
446 3372 464 3410 a
485 3353 605 3412 Lucilio
628 3352 783 3412 adhibitus
806 3353 839 3408 in
866 3349 925 3408 hoo
953 3350 1133 3408 hexametro
1163 3352 1230 3424 quid
1255 3367 1317 3406 rer-

199 3477 264 3532 ιιι,
287 3477 339 3532 quo
363 3477 438 3528 earu,
462 3448 534 3533 quid·
549 3466 651 3534 upum?
674 3457 757 3539 apud
772 3456 908 3516 Nonium
931 3476 961 3534 p.
978 3463 1038 3529 387,
1063 3461 1106 3516 26.
1152 3452 1215 3512 Sed
1240 3454 1318 3512 alter

161 3637 164 3642 Ι
198 3564 299 3624 hiatus
328 3565 449 3625 accedit
477 3569 510 3624 in
539 3566 586 3624 his
615 3565 779 3622 Archilocho
808 3564 907 3620 excido
936 3562 988 3641 qui
1016 3561 1075 3620 etsi
1104 3576 1162 3638 per
1189 3578 1223 3618 se
1254 3560 1315 3617 for·

198 3679 282 3729 tasse
312 3673 411 3750 possit
447 3672 558 3731 eodem
592 3675 718 3732 nomine
749 3668 888 3730 excusari
917 3675 1020 3726 tamen
1050 3667 1119 3746 ipsa
1148 3665 1315 3744 geminatio

199 3777 347 3836 licentiae
376 3779 582 3856 suspicionem
611 3775 716 3838 movet
746 3777 785 3838 de
816 3773 940 3836 mendo.
991 3773 1131 3850 Uterque
1160 3777 1318 3829 amovetur

201 3902 267 3942 oum
289 3903 352 3941 una
375 3882 482 3941 addita
504 3885 608 3944 littera
634 3883 810 3964 reposueris
838 3901 922 3962 quor,
951 3879 984 3939 id
1014 3874 1097 3957 quod
1126 3877 1197 3934 olirn
1219 3873 1316 3935 Lach-

200 4009 332 4050 mannus
360 3989 458 4048 voluit
488 3989 516 4047 ei
543 3991 646 4048 versui
668 3990 840 4058 Horatiano
869 3987 988 4048 restitui
1016 3985 1050 4042 in
1080 4003 1140 4062 quo
1169 4001 1251 4060 nunc
1278 3979 1316 4038 ab

202 4097 324 4176 optimis
348 4095 535 4156 editionibus
557 4113 611 4169 quo
630 4100 715 4169 pinus
736 4100 832 4170 inpetis
854 4093 1071 4152 circumfertur.

181 4249 191 4268 .
286 4203 350 4263 Sed
372 4205 433 4261 iam
455 4201 603 4262 Varronis
634 4217 756 4282 quoque
784 4200 859 4258 locis
888 4194 1046 4257 nonnullis
1076 4191 1207 4253 eandem
1231 4189 1316 4249 adhi-

107 4324 112 4338 ·
201 4307 280 4367 bebo
308 4309 471 4368 medelam.
517 4310 626 4388 Itaque
656 4325 746 4385 qnam
768 4303 888 4364 Nonius
911 4321 942 4382 p.
966 4309 1009 4374 83,
1037 4313 1045 4362 l
1073 4299 1112 4359 de
1141 4296 1315 4376 Marcipore

202 4417 388 4474 sententiam
416 4414 558 4494 perhibet
586 4415 718 4487 artrolopr'
738 4431 792 4470 nort
815 4419 891 4486 suot,
922 4413 972 4484 qur·
990 4409 1234 4466 conscrihmarant
1251 4409 1318 4488 pin3

253 4529 379 4578 vanarn,
399 4529 545 4566 astruere
565 4527 629 4564 ror.
1094 4507 1114 4568 2
