3274 5078
717 379 864 421 aoumml.
1310 363 1347 424 31

234 548 336 605 irritus
359 547 453 612 fuerit
474 555 627 606 corrector
641 547 806 606 Leidensis
829 551 935 622 apitius
956 548 1168 626 reponendo·
1188 549 1251 609 Sed
1274 551 1351 610 haec

235 673 302 712 oum
327 653 411 712 levia
434 671 502 712 esse
525 654 667 731 graviora
693 661 878 731 postremam
902 654 1066 731 fragmenti
1089 664 1207 734 partem
1231 657 1351 716 obside·

234 758 326 818 bant:
351 757 477 818 Oehleri
499 761 634 837 ineptias
658 758 710 836 qui
725 759 768 816 ita
784 760 949 838 scripserat
971 763 1044 834 quod
1060 765 1130 818 videt
1141 752 1249 816 Ἥλιον
1271 778 1350 817 coro-

234 874 344 922 nantem
364 875 492 922 ecctrema
509 857 602 921 Noctis
624 872 747 937 temporo
762 865 900 923 Kochius
918 867 1051 944 explosit
1068 868 1101 925 in
1124 866 1351 925 exercitationi·

234 971 290 1032 bus
313 992 344 1050 p.
368 979 415 1044 al,
441 989 624 1049 quamquam
646 988 686 1028 ne
708 971 778 1049 ipse
801 963 926 1050 quidem
949 973 1082 1031 feliciter
1108 986 1111 992 '

388 1115 467 1183 Quart
480 1117 570 1171 videat
584 1115 663 1169 atiud
679 1119 821 1170 curantem
836 1116 964 1172 extrema
980 1121 1066 1174 noctis
1082 1090 1231 1191 te'mparc:

235 1267 267 1324 in
289 1264 398 1345 quibus
421 1273 563 1323 curantem
585 1265 689 1322 Rothii
710 1265 871 1324 inventum
895 1276 949 1326 est.
994 1268 1061 1326 Nec
1082 1271 1177 1346 magis
1196 1271 1352 1349 Rtiperum

235 1371 332 1450 probo
360 1372 412 1450 qui
433 1379 465 1428 ut
482 1369 670 1449 dereliquis
693 1391 775 1430 nunc
795 1380 915 1430 taceam
940 1373 1018 1431 haec
1039 1383 1194 1452 postrema
1216 1377 1249 1434 in
1270 1376 1352 1434 hunc

234 1495 356 1535 versum
380 1475 614 1554 comprehendit
637 1475 758 1554 (progr.
788 1476 911 1538 (ledan.
933 1498 964 1557 p.
986 1476 1020 1556 4)

388 1631 467 1698 chrid
484 1631 547 1686 cidit
568 1632 653 1686 ctiam
670 1637 823 1686 certantem
838 1631 964 1688 extrema
985 1637 1073 1689 noctis
1089 1634 1224 1708 tempora.

235 1783 344 1840 Mirum
373 1790 419 1840 cst
445 1782 601 1839 neminem
631 1802 670 1839 ex
696 1782 743 1839 his
773 1783 846 1850 Quia
869 1786 934 1840 cidit
953 1787 1030 1840 altrat
1058 1804 1137 1863 quae
1160 1787 1186 1844 si
1210 1788 1352 1865 quaalia

236 1908 312 1945 sana
333 1895 404 1945 sunt
426 1906 485 1966 quo
509 1885 689 1944 emendaret
716 1889 836 1966 reliqua
860 1886 1033 1972 profectum
1055 1909 1133 1949 esse.
1178 1893 1257 1952 Inde
1281 1914 1352 1951 con-

236 1993 398 2050 sectarium
425 2001 491 2050 erat
519 1993 690 2050 desiderari
716 1992 897 2072 particulam
924 1994 1022 2071 qualis
1048 2014 1083 2053 cc
1112 2017 1203 2074 quam
1229 1999 1352 2077 reposui

236 2099 302 2157 sive
327 2119 418 2172 prtem.
465 2098 578 2158 Cetera
604 2108 706 2156 autem
736 2118 815 2177 quae
846 2098 965 2156 restitui
988 2106 1160 2159 convivantes
1185 2107 1213 2160 in
1235 2121 1258 2160 e.
1282 2123 1310 2160 a.
1334 2115 1352 2160 t.

235 2209 318 2266 haud
345 2209 477 2266 alienam
498 2226 516 2263 a
541 2206 691 2266 Varronis
712 2213 816 2262 mente
843 2205 1031 2264 sententiam
1053 2207 1169 2266 referre
1190 2208 1263 2265 mihi
1285 2209 1353 2266 visa

183 2353 186 2360 ,
236 2323 317 2373 sunt.
363 2314 519 2373 Corrcctio
542 2313 611 2390 ipsa
632 2309 881 2389 probabilitatem
904 2311 929 2368 si
949 2311 1023 2390 quid
1038 2311 1131 2370 video
1150 2333 1213 2372 non
1231 2302 1354 2373 excedit

237 2440 302 2478 cum
333 2420 515 2501 praesertim
543 2417 645 2475 animo
676 2415 850 2473 informaris
880 2415 934 2473 illa
963 2415 1131 2494 antiquitus
1160 2416 1203 2473 ita
1228 2424 1353 2474 exarata

237 2525 331 2583 fuisse
358 2527 538 2598 cur'uoatesm.
584 2523 623 2581 In
653 2521 760 2600 quibus
788 2542 880 2580 unam
908 2523 1023 2579 mutavi
1049 2521 1197 2594 litteram,
1225 2521 1353 2580 alteram
1408 2541 1412 2548 ’

237 2630 352 2689 adieci:
379 2628 437 2688 secl
465 2646 479 2686 s
506 2628 607 2687 finalis
636 2645 732 2705 saepe
762 2627 837 2684 alias
867 2626 950 2705 apud
978 2627 1114 2687 Nonium
1147 2627 1271 2702 detrita¹
1296 2636 1351 2686 est.

237 2738 289 2795 Ita
308 2738 341 2795 in
363 2733 597 2795 Andabatarum
625 2733 799 2809 fragmento
824 2733 907 2812 quod
929 2735 1049 2794 Nonius
1072 2755 1102 2814 p.
1126 2743 1186 2808 267,
1209 2746 1236 2796 ll
1268 2735 1353 2794 exhi-

237 2842 290 2901 bet
312 2859 362 2900 aec
381 2859 480 2900 monus
499 2845 570 2898 visco
592 2843 683 2896 tenaci
702 2843 827 2896 tinxerat
845 2844 900 2898 viri
919 2851 1086 2902 acolacum
1107 2843 1283 2905 Meinekius
1306 2843 1354 2901 in·

237 2949 347 3006 iustam
370 2945 497 3006 Oehleri
526 2946 746 3005 correctionem
775 2950 842 3004 auri
868 2966 929 3026 qua
957 2958 1086 3010 metrum
1115 2971 1238 3030 pessum
1265 2950 1355 3008 datur

238 3052 448 3132 reprobasset,
476 3073 516 3122 ue
537 3054 605 3131 ipse
627 3051 752 3131 quidem
773 3051 976 3130 probabiliter
996 3060 1080 3114 tincta
1101 3065 1164 3114 crat
1190 3057 1353 3114 restituen-

240 3159 310 3218 dum
340 3161 491 3219 coniecit:
520 3162 611 3220 imnro
633 3156 716 3239 quod
743 3157 792 3215 ‘in
815 3156 868 3216 lib.
891 3179 956 3220 var.
980 3161 1050 3220 lect.
1074 3164 1143 3229 583²
1167 3168 1272 3239 extare
1294 3161 1353 3218 Ba-

239 3265 381 3324 silienses
397 3274 525 3324 narrant
539 3283 639 3322 manua
661 3308 692 3322 ..
711 3308 718 3321 .
742 3273 835 3320 coctas
855 3265 946 3324 unice
961 3284 1076 3324 verum.
1115 3265 1235 3324 Eodem
1251 3286 1353 3325 errore

240 3370 432 3431 obscuratum
462 3391 529 3430 esse
552 3370 683 3430 arbitror
711 3369 916 3447 fragmentum
940 3391 956 3429 e
979 3379 1082 3430 satura
1110 3373 1157 3430 cui
1178 3372 1355 3431 inscribitur

241 3474 396 3554 Τριοδίτης
417 3469 578 3556 Τριπύλιος
598 3470 666 3553 περὶ
685 3463 791 3552 ἀρετῆς
813 3467 943 3551 κτήσεως
951 3471 988 3553 3).
1034 3477 1110 3537 Cum
1132 3478 1214 3536 enim
1234 3479 1354 3564 Nouius

240 3602 271 3660 p.
293 3591 359 3656 410,
382 3591 400 3644 4
429 3584 506 3642 haec
534 3579 648 3641 scribat
675 3584 744 3640 illud
772 3600 836 3640 vero
866 3588 1004 3658 quondam
1031 3582 1175 3663 (quodam)
1199 3601 1293 3658 mccc,
1327 3595 1357 3645 uc

308 3839 329 3906 θ)
348 3841 429 3892 Hanc
448 3841 657 3906 inscriptionem
675 3845 787 3890 saturae
806 3841 835 3888 in
854 3841 1045 3891 coniectaneis
1062 3858 1089 3908 p.
1105 3843 1155 3892 214
1167 3841 1308 3894 vindicare
1328 3847 1356 3892 ot

241 3931 359 3981 viriliter
384 3929 525 3995 explicare
548 3928 656 3977 studui:
690 3943 762 3978 nunc
791 3945 804 3977 e
836 3928 925 3979 Servii
952 3933 1156 3981 commentariis
1181 3932 1215 3981 ad
1238 3932 1362 3997 Vergilii

242 4019 392 4085 georgicon
411 4020 423 4068 1
442 4017 625 4068 artemonis
650 4018 837 4067 narrationem
861 4018 984 4069 breviter
1006 4020 1107 4071 notabo
1136 4035 1189 4084 qua
1209 4021 1267 4070 cius
1286 4022 1354 4070 imli-

243 4109 282 4159 cis
301 4110 373 4158 ratio
391 4107 526 4158 illustrari
544 4106 680 4156 videatur.
717 4107 796 4157 Haec
814 4108 900 4172 igitur
918 4107 1043 4158 Servius:
1067 4110 1153 4158 Varro
1171 4116 1254 4158 tamen
1273 4114 1309 4158 ait
1326 4125 1355 4160 sc

242 4201 332 4260 teptsse
351 4197 526 4262 Empcdotr'mo
551 4197 649 4246 cuidam
667 4197 831 4261 Syracusano
854 4216 871 4248 a
889 4201 997 4264 quadam
1014 4206 1142 4263 potestate
1160 4201 1246 4250 diotae
1263 4207 1355 4250 morta·

243 4291 289 4334 tem
306 4294 435 4350 aspectum
458 4290 584 4338 detersum
607 4302 708 4352 eamque
728 4290 795 4336 tuter
812 4296 901 4338 cetera
923 4296 994 4338 tres
1013 4296 1130 4353 portas
1153 4291 1245 4340 cidisse
1269 4296 1354 4339 tres·

243 4391 299 4440 quc
317 4380 394 4426 ctas.
433 4377 512 4427 Unam
534 4379 570 4427 cd
585 4381 681 4443 ciprum
698 4381 854 4442 scorpionis,
874 4395 924 4443 qua
942 4379 1069 4428 Herculea
1086 4380 1123 4428 act
1138 4381 1201 4430 deos
1218 4382 1268 4429 tere
1287 4381 1354 4430 dice-
